@article{Sel13,
  title={Generators and relations for n-qubit Clifford operators},
  author={Selinger, Peter},
  journal={arXiv preprint arXiv:1310.6813},
  year={2013}
}
