@String{ acmcs                =   {CSUR}}
@String{ acmsigactn           =   {ACM SIGACT News}}
@String{ acmtranscompth       =   {TOCT}}
@String{ aaim                 =   {Alg. Asp. inf. Man.}}
@String{ ahp                  =   {Ann. Henri Poincar{\'e}}}
@String{ annmath              =   {Ann. Math.}}
@String{ annphys              =   {Ann. Phys.}}
@String{ annstat              =   {Ann. Statist.}}
@String{ cjp                  =   {Can. J. Phys.}}
@String{ cjtcs                =   {Chic. J. Theoret. Comput. Sci.}}
@String{ cmp                  =   {Comm. Math. Phys.}}
@String{ cacm                 =   {Comm. ACM}}
@String{ cc                   =   {Comput. Complexity}}
@String{ dcc                  =   {Design. Code. Cryptogr.}}
@String{ epjd                 =   {Eur. Phys. J. D}}
@String{ fttcs                =   {Found. Trends Theor. Comput. Sci.}}
@String{ fp                   =   {Found. Phys.}}
@String{ jacm                 =   {J. ACM}}
@String{ jcss                 =   {J. Comp. Syst. Scien.}}
@String{ jcryp                =   {J. Cryptology}}
@String{ jmcryp               =   {J. Math. Cryptology}}
@String{ jmp                  =   {J. Math. Phys.}}
@String{ jphysa               =   {J. Phys A}}
@String{ jsac                 =   {J. Selec. A. Comm.}}
@String{ IEEEsecpriv          =   {IEEE Security \& Privacy}}
@String{ tdsc                 =   {Trans. Depend. Sec. Comp.}}
@String{ ieeetit              =   {IEEE Trans. Inform. Theo.}}
@String{ ipl                  =   {Information Processing Letters}}
@String{ itc                  =   {Inf. Theo. Sec.}}
@String{ ijqi                 =   {Int. J. Quantum Inf.}}
@String{ ijtp                 =   {Internat. J. Theoret. Phys.}}
@String{ lmp                  =   {Lett. Math. Phys.}}
@String{ mpcps                =   {Math. Proc. Cambridge Philos. Soc.}}
@String{ mprog                =   {Math. Program.}}
@String{ mata                 =   {Mat. Ann.}}
@String{ nc                   =   {Nat. Comp.}}
@String{ nat                  =   {Nat.}}
@String{ natp                 =   {Nat. Photon.}}
@String{ natphys              =   {Nat. Phys.}}
@String{ ncomms               =   {Nat. Comm.}}
@String{ njp                  =   {N. J. Phys.}}
@String{ pnp                  =   {Phys. Non. Phenom.}}
@String{ phyra                =   {Phys. Rev. A}}
@String{ phyrevl              =   {Phys. Rev. Lett.}}
@String{ phyla                =   {Phys. Lett. A}}
@String{ pnas                 =   {PNAS}}
@String{ prsla                =   {Proc. Roy. Soc. A}}
@String{ q                    =   {Quant.}}
@String{ qic                  =   {Quant. Inf. Comp.}}
@String{ qip                  =   {Quant. Inf. Process.}}
@String{ rmp                  =   {Rev. Mod. Phys}}
@String{ rmphys               =   {Rep. Math. Phys.}}
@String{ rms                  =   {Russian Math. Surveys}}
@String{ sca                  =   {Scien. Am.}}
@String{ sci                  =   {Sci.}}
@String{ siamjc               =   {SIAM J. Comp.}}
@String{ srep                 =   {Sci. Repor.}}
@String{ ssp                  =   {Syst. Sign. Process.}}
@String{ tcryp                =   {Theory of Cryptography}}
@String{ toc                  =   {Theory Comput.}}
@String{ tcs                  =   {Theor. Comput. Sci.}}
@String{ zfp                  =   {Zeit. Phys.}}
@String{ nyjm                 =   {New York J. Math.}}
@String{ aqis15               =   {AQIS 2015}}
@String{ cans2013             =   {CANS 2013}}
@String{ ccc04                =   {CCC 2004}}
@String{ ccc07                =   {CCC 2007}}
@String{ ccc08                =   {CCC 2008}}
@String{ ccc09                =   {CCC 2009}}
@String{ ccc12                =   {CCC 2012}}
@String{ ccc15                =   {CCC 2015}}
@String{ crypto1982           =   {CRYPTO 1982}}
@String{ crypto1983           =   {CRYPTO 1983}}
@String{ crypto1986           =   {CRYPTO 1986}}
@String{ crypto1987           =   {CRYPTO 1987}}
@String{ crypto1988           =   {CRYPTO 1988}}
@String{ crypto1990           =   {CRYPTO 1990}}
@String{ crypto1991           =   {CRYPTO 1991}}
@String{ crypto1992           =   {CRYPTO 1992}}
@String{ crypto1993           =   {CRYPTO 1993}}
@String{ crypto1994           =   {CRYPTO 1994}}
@String{ crypto1996           =   {CRYPTO 1996}}
@String{ crypto1997           =   {CRYPTO 1997}}
@String{ crypto1998           =   {CRYPTO 1998}}
@String{ crypto2004           =   {CRYPTO 2004}}
@String{ crypto2005           =   {CRYPTO 2005}}
@String{ crypto2007           =   {CRYPTO 2007}}
@String{ crypto2008           =   {CRYPTO 2008}}
@String{ crypto2009           =   {CRYPTO 2009}}
@String{ crypto2010           =   {CRYPTO 2010}}
@String{ crypto2011           =   {CRYPTO 2011}}
@String{ crypto2012           =   {CRYPTO 2012}}
@String{ crypto2013           =   {CRYPTO 2013}}
@String{ crypto2014           =   {CRYPTO 2014}}
@String{ crypto2015           =   {CRYPTO 2015}}
@String{ crypto2016           =   {CRYPTO 2016}}
@String{ crypto2018           =   {CRYPTO 2018}}
@String{ crypto2019           =   {CRYPTO 2019}}
@String{ asiacrypt05          =   {ASIACRYPT 2005}}
@String{ asiacrypt07          =   {ASIACRYPT 2007}}
@String{ asiacrypt11          =   {ASIACRYPT 2011}}
@String{ asiacrypt12          =   {ASIACRYPT 2012}}
@String{ asiacrypt14          =   {ASIACRYPT 2014}}
@String{ asiacrypt17          =   {ASIACRYPT 2017}}
@String{ esorics2015          =   {ESORICS 2015}}
@String{ eurocrypt93          =   {EUROCRYPT 1993}}
@String{ eurocrypt01          =   {EUROCRYPT 2001}}
@String{ eurocrypt04          =   {EUROCRYPT 2004}}
@String{ eurocrypt06          =   {EUROCRYPT 2006}}
@String{ eurocrypt07          =   {EUROCRYPT 2007}}
@String{ eurocrypt10          =   {EUROCRYPT 2010}}
@String{ eurocrypt11          =   {EUROCRYPT 2011}}
@String{ eurocrypt12          =   {EUROCRYPT 2012}}
@String{ eurocrypt13          =   {EUROCRYPT 2013}}
@String{ eurocrypt14          =   {EUROCRYPT 2014}}
@String{ eurocrypt15          =   {EUROCRYPT 2015}}
@String{ eurocrypt16          =   {EUROCRYPT 2016}}
@String{ eurocrypt17          =   {EUROCRYPT 2017}}
@String{ eurocrypt18          =   {EUROCRYPT 2018}}
@String{ eurocrypt19          =   {EUROCRYPT 2019}}
@String{ focs82               =   {FOCS 1982}}
@String{ focs84               =   {FOCS 1984}}
@String{ focs88               =   {FOCS 1988}}
@String{ focs89               =   {FOCS 1989}}
@String{ focs93               =   {FOCS 1993}}
@String{ focs94               =   {FOCS 1994}}
@String{ focs98               =   {FOCS 1998}}
@String{ focs00               =   {FOCS 2000}}
@String{ focs01               =   {FOCS 2001}}
@String{ focs02               =   {FOCS 2002}}
@String{ focs03               =   {FOCS 2003}}
@String{ focs05               =   {FOCS 2005}}
@String{ focs06               =   {FOCS 2006}}
@String{ focs09               =   {FOCS 2009}}
@String{ focs11               =   {FOCS 2011}}
@String{ focs12               =   {FOCS 2012}}
@String{ focs13               =   {FOCS 2013}}
@String{ focs14               =   {FOCS 2014}}
@String{ focs16               =   {FOCS 2016}}
@String{ focs18               =   {FOCS 2018}}
@String{ ieeesecpriv2014      =   {2014 IEEE Symposium on Security and Privacy}}
@String{ icalp2019            =   {ICALP 2019}}
@String{ infocom05            =   {INFOCOM 2005}}
@String{ infocom06            =   {INFOCOM 2006}}
@String{ itcs12               =   {ITCS 2012}}
@String{ itcs13               =   {ITCS 2013}}
@String{ itcs14               =   {ITCS 2014}}
@String{ ndss2012             =   {NDSS 2012}}
@String{ PQCrypto13           =   {PQCrypto 2013}}
@String{ PQCrypto14           =   {PQCrypto 2014}}
@String{ stoc85               =   {STOC 1985}}
@String{ stoc87               =   {STOC 1987}}
@String{ stoc88               =   {STOC 1988}}
@String{ stoc95               =   {STOC 1995}}
@String{ stoc96               =   {STOC 1996}}
@String{ stoc98               =   {STOC 1998}}
@String{ stoc00               =   {STOC 2000}}
@String{ stoc01               =   {STOC 2001}}
@String{ stoc05               =   {STOC 2005}}
@String{ stoc06               =   {STOC 2006}}
@String{ stoc08               =   {STOC 2008}}
@String{ stoc09               =   {STOC 2009}}
@String{ stoc11               =   {STOC 2011}}
@String{ stoc12               =   {STOC 2012}}
@String{ stoc14               =   {STOC 2014}}
@String{ stoc16               =   {STOC 2016}}
@String{ stoc17               =   {STOC 2017}}
@String{ stoc19               =   {STOC 2019}}
@String{ tcc2008              =   {TCC 2008}}
@String{ tcc2015              =   {TCC 2015}}
@String{ tqc11                =   {TQC 2011}}
@String{ tqc12                =   {TQC 2012}}
@String{ tqc13                =   {TQC 2013}}
@String{ tqc14                =   {TQC 2014}}
@String{ mfcs2014             =   {MFCS 2014}}
@String{ mfcs2017             =   {MFCS 2017}}
@String{ mfcs2018             =   {MFCS 2018}}
@String{ ctrsa2017            =   {CT-RSA 2017}}
@String{ ctrsa2011            =   {CT-RSA 2011}}
@String{ icms2018             =   {ICMS 2018}}
@String{ usenixsecurity2012   =   {USENIX Security 2012}}
@String{ dsnpr                =   {Dsn Prog. Rep.}}
@String{ iccssp               =   {ICCSSP}}
@String{ intcc                =   {Int. Conf. Comp.}}
@String{ inffe                =   {Inf. Fors. Ent.}}
@String{ fsttcs2007           =   {FSTTCS 2007}}
@String{ fsttcs14             =   {FSTTCS 2014}}
@String{ group22              =   {GROUP 22}}
@String{ icaaim               =   {Int. Conf. Alg. Asp. Inf. Manag.}}
@String{ ics10                =   {ICS 2010}}
@String{ ieeetpcts            =   {IEEE Theo. phyrac. Inform-Theo Sec.}}
@String{ isit10               =   {ISIT 2010}}
@String{ mass05               =   {MASS 2005}}
@String{ pcomp94              =   {PhysComp 1994}}
@String{ wise03               =   {WiSe 2003}}
@String{ icits2016            =   {ICITS 2016}}
@String{ sc05                 =   {SC'05}}
@String{ hjs                  =   {Hadronic J. Suppl.}}
@String{ ants1998             =   {ANTS 1998}}
@String{ sac2017              =   {SAC2017}}
