@String{ acmcs                =   {ACM Computing Surveys---CSUR}}
@String{ acmsigactn           =   {ACM SIGACT News}}
@String{ acmtranscompth       =   {ACM Transactions on Computation Theory---TOCT}}
@String{ aaim                 =   {Algorithmic Aspects in Information and Management}}
@String{ ahp                  =   {Annales Henri Poincar{\'e}}}
@String{ annmath              =   {Annals of Mathematics}}
@String{ annphys              =   {Annals of Physics}}
@String{ annstat              =   {The Annals of Statistics}}
@String{ cjp                  =   {Canadian Journal of Physics}}
@String{ cjtcs                =   {Chicago Journal of Theoretical Computer Science}}
@String{ cmp                  =   {Communications in Mathematical Physics}}
@String{ cacm                 =   {Communications of the ACM}}
@String{ cc                   =   {Computational Complexity}}
@String{ dcc                  =   {Designs, Codes and Cryptography}}
@String{ epjd                 =   {European Physical Journal D}}
@String{ fttcs                =   {Foundations and Trends in Theoretical Computer Science}}
@String{ fp                   =   {Foundations of Physics}}
@String{ jacm                 =   {Journal of the ACM}}
@String{ jcss                 =   {Journal of Computer and System Sciences}}
@String{ jcryp                =   {Journal of Cryptology}}
@String{ jmcryp               =   {Journal of Mathematical Cryptology}}
@String{ jmp                  =   {Journal of Mathematical Physics}}
@String{ jphysa               =   {Journal of Physics A}}
@String{ jsac                 =   {IEEE Journal on Selected Areas in Communications}}
@String{ IEEEsecpriv          =   {IEEE Security \& Privacy}}
@String{ tdsc                 =   {IEEE Transactions on Dependable and Secure Computing}}
@String{ ieeetit              =   {IEEE Transactions on Information Theory}}
@String{ ipl                  =   {Information Processing Letters}}
@String{ itc                  =   {Information Theoretic Security}}
@String{ ijqi                 =   {International Journal of Quantum Information}}
@String{ ijtp                 =   {International Journal of Theoretical Physics}}
@String{ lmp                  =   {Letters in Mathematical Physics}}
@String{ mpcps                =   {Mathematical Proceedings of the Cambridge Philosophical Society}}
@String{ mprog                =   {Mathematical Programming}}
@String{ mata                 =   {Mathematische Annalen}}
@String{ nc                   =   {Natural Computing}}
@String{ nat                  =   {Nature}}
@String{ natp                 =   {Nature Photonics}}
@String{ natphys              =   {Nature Physics}}
@String{ ncomms               =   {Nature Communications}}
@String{ njp                  =   {New Journal of Physics}}
@String{ pnp                  =   {Physica D: Nonlinear Phenomena}}
@String{ phyra                =   {Physical Review A}}
@String{ phyrevl              =   {Physical Review Letters}}
@String{ phyla                =   {Physics Letters A}}
@String{ pnas                 =   {Proceedings of the National Academy of Sciences of the United States of America}}
@String{ prsla                =   {Proceedings of the Royal Society of London A: Mathematical, Physical and Engineering Sciences}}
@String{ q                    =   {Quantum}}
@String{ qic                  =   {Quantum Information {\&} Computation}}
@String{ qip                  =   {Quantum Information Processing}}
@String{ rmp                  =   {Reviews of Modern Physics}}
@String{ rmphys               =   {Reports on Mathematical Physics}}
@String{ rms                  =   {Russian Mathematical Surveys}}
@String{ sca                  =   {Scientific American}}
@String{ sci                  =   {Science}}
@String{ siamjc               =   {SIAM Journal on Computing}}
@String{ srep                 =   {Scientific Reports}}
@String{ ssp                  =   {Systems and Signal Processing}}
@String{ tcryp                =   {Theory of Cryptography}}
@String{ toc                  =   {Theory of Computing}}
@String{ tcs                  =   {Theoretical Computer Science}}
@String{ zfp                  =   {Zeitschrift fuer Physik}}
@String{ nyjm                 =   {New York Journal of Mathematics}}
@String{ aqis15               =   {Asian Quantum Information Science Conference---AQIS 2015}}
@String{ cans2013             =   {12th International Conference on Cryptology and Network Security---CANS 2013}}
@String{ ccc04                =   {19th Annual Conference on Computational Complexity---CCC 2004}}
@String{ ccc07                =   {22nd Annual Conference on Computational Complexity---CCC 2007}}
@String{ ccc08                =   {23rd Annual Conference on Computational Complexity---CCC 2008}}
@String{ ccc09                =   {24th Annual Conference on Computational Complexity---CCC 2009}}
@String{ ccc12                =   {27th Annual Conference on Computational Complexity---CCC 2012}}
@String{ ccc15                =   {30th Annual Conference on Computational Complexity---CCC 2015}}
@String{ crypto1982           =   {Advances in Cryptology---CRYPTO 1982}}
@String{ crypto1983           =   {Advances in Cryptology---CRYPTO 1982}}
@String{ crypto1986           =   {Advances in Cryptology---CRYPTO 1986}}
@String{ crypto1987           =   {Advances in Cryptology---CRYPTO 1987}}
@String{ crypto1988           =   {Advances in Cryptology---CRYPTO 1988}}
@String{ crypto1990           =   {Advances in Cryptology---CRYPTO 1990}}
@String{ crypto1991           =   {Advances in Cryptology---CRYPTO 1991}}
@String{ crypto1992           =   {Advances in Cryptology---CRYPTO 1992}}
@String{ crypto1993           =   {Advances in Cryptology---CRYPTO 1993}}
@String{ crypto1994           =   {Advances in Cryptology---CRYPTO 1994}}
@String{ crypto1996           =   {Advances in Cryptology---CRYPTO 1996}}
@String{ crypto1997           =   {Advances in Cryptology---CRYPTO 1997}}
@String{ crypto1998           =   {Advances in Cryptology---CRYPTO 1998}}
@String{ crypto2004           =   {Advances in Cryptology---CRYPTO 2004}}
@String{ crypto2005           =   {Advances in Cryptology---CRYPTO 2005}}
@String{ crypto2007           =   {Advances in Cryptology---CRYPTO 2007}}
@String{ crypto2008           =   {Advances in Cryptology---CRYPTO 2008}}
@String{ crypto2009           =   {Advances in Cryptology---CRYPTO 2009}}
@String{ crypto2010           =   {Advances in Cryptology---CRYPTO 2010}}
@String{ crypto2011           =   {Advances in Cryptology---CRYPTO 2011}}
@String{ crypto2012           =   {Advances in Cryptology---CRYPTO 2012}}
@String{ crypto2013           =   {Advances in Cryptology---CRYPTO 2013}}
@String{ crypto2014           =   {Advances in Cryptology---CRYPTO 2014}}
@String{ crypto2015           =   {Advances in Cryptology---CRYPTO 2015}}
@String{ crypto2016           =   {Advances in Cryptology---CRYPTO 2016}}
@String{ crypto2018           =   {Advances in Cryptology---CRYPTO 2018}}
@String{ crypto2019           =   {Advances in Cryptology---CRYPTO 2019}}
@String{ asiacrypt05          =   {Advances in Cryptology---ASIACRYPT 2005}}
@String{ asiacrypt07          =   {Advances in Cryptology---ASIACRYPT 2007}}
@String{ asiacrypt11          =   {Advances in Cryptology---ASIACRYPT 2011}}
@String{ asiacrypt12          =   {Advances in Cryptology---ASIACRYPT 2012}}
@String{ asiacrypt14          =   {Advances in Cryptology---ASIACRYPT 2014}}
@String{ asiacrypt17          =   {Advances in Cryptology---ASIACRYPT 2017}}
@String{ esorics2015          =   {20th European Symposium on Research in Computer Security---ESORICS 2015}}
@String{ eurocrypt93          =   {Advances in Cryptology---EUROCRYPT 1993}}
@String{ eurocrypt01          =   {Advances in Cryptology---EUROCRYPT 2001}}
@String{ eurocrypt04          =   {Advances in Cryptology---EUROCRYPT 2004}}
@String{ eurocrypt06          =   {Advances in Cryptology---EUROCRYPT 2006}}
@String{ eurocrypt07          =   {Advances in Cryptology---EUROCRYPT 2007}}
@String{ eurocrypt10          =   {Advances in Cryptology---EUROCRYPT 2010}}
@String{ eurocrypt11          =   {Advances in Cryptology---EUROCRYPT 2011}}
@String{ eurocrypt12          =   {Advances in Cryptology---EUROCRYPT 2012}}
@String{ eurocrypt13          =   {Advances in Cryptology---EUROCRYPT 2013}}
@String{ eurocrypt14          =   {Advances in Cryptology---EUROCRYPT 2014}}
@String{ eurocrypt15          =   {Advances in Cryptology---EUROCRYPT 2015}}
@String{ eurocrypt16          =   {Advances in Cryptology---EUROCRYPT 2016}}
@String{ eurocrypt17          =   {Advances in Cryptology---EUROCRYPT 2017}}
@String{ eurocrypt18          =   {Advances in Cryptology---EUROCRYPT 2018}}
@String{ eurocrypt19          =   {Advances in Cryptology---EUROCRYPT 2019}}
@String{ focs82               =   {23rd Annual Symposium on Foundations of Computer Science---FOCS 1982}}
@String{ focs84               =   {25th Annual Symposium on Foundations of Computer Science---FOCS 1984}}
@String{ focs88               =   {29th Annual Symposium on Foundations of Computer Science---FOCS 1988}}
@String{ focs89               =   {30th Annual Symposium on Foundations of Computer Science---FOCS 1989}}
@String{ focs93               =   {34th Annual Symposium on Foundations of Computer Science---FOCS 1993}}
@String{ focs94               =   {35th Annual Symposium on Foundations of Computer Science---FOCS 1994}}
@String{ focs98               =   {39th Annual Symposium on Foundations of Computer Science---FOCS 1998}}
@String{ focs00               =   {41st Annual Symposium on Foundations of Computer Science---FOCS 2000}}
@String{ focs01               =   {42nd Annual Symposium on Foundations of Computer Science---FOCS 2001}}
@String{ focs02               =   {43rd Annual Symposium on Foundations of Computer Science---FOCS 2002}}
@String{ focs03               =   {44th Annual Symposium on Foundations of Computer Science---FOCS 2003}}
@String{ focs05               =   {46th Annual Symposium on Foundations of Computer Science---FOCS 2005}}
@String{ focs06               =   {47th Annual Symposium on Foundations of Computer Science---FOCS 2006}}
@String{ focs09               =   {50th Annual Symposium on Foundations of Computer Science---FOCS 2009}}
@String{ focs11               =   {52nd Annual Symposium on Foundations of Computer Science---FOCS 2011}}
@String{ focs12               =   {53rd Annual Symposium on Foundations of Computer Science---FOCS 2012}}
@String{ focs13               =   {54th Annual Symposium on Foundations of Computer Science---FOCS 2013}}
@String{ focs14               =   {55th Annual Symposium on Foundations of Computer Science---FOCS 2014}}
@String{ focs16               =   {57th Annual Symposium on Foundations of Computer Science---FOCS 2016}}
@String{ focs18               =   {59th Annual Symposium on Foundations of Computer Science---FOCS 2018}}
@String{ ieeesecpriv2014      =   {2014 IEEE Symposium on Security and Privacy}}
@String{ icalp2019            =   {46th International Colloquium on Automata, Languages, and Programming---ICALP 2019}}
@String{ infocom05            =   {24th Annual Joint Conference of the IEEE Computer and Communications Societies---INFOCOM 2005}}
@String{ infocom06            =   {25th IEEE International Conference on Computer Communications---INFOCOM 2006}}
@String{ itcs12               =   {3rd Conference on Innovations in Theoretical Computer Science---ITCS 2012}}
@String{ itcs13               =   {4th Conference on Innovations in Theoretical Computer Science---ITCS 2013}}
@String{ itcs14               =   {5th Conference on Innovations in Theoretical Computer Science---ITCS 2014}}
@String{ ndss2012             =   {19th Annual Network and Distributed System Security Symposium---NDSS 2012}}
@String{ PQCrypto13           =   {Post-Quantum Cryptography---PQCrypto 2013}}
@String{ PQCrypto14           =   {Post-Quantum Cryptography---PQCrypto 2014}}
@String{ stoc85               =   {17th Annual ACM Symposium on Theory of Computing---STOC 1985}}
@String{ stoc87               =   {19th Annual ACM Symposium on Theory of Computing---STOC 1987}}
@String{ stoc88               =   {20th Annual ACM Symposium on Theory of Computing---STOC 1988}}
@String{ stoc95               =   {27th Annual ACM Symposium on Theory of Computing---STOC 1995}}
@String{ stoc96               =   {28th Annual ACM Symposium on Theory of Computing---STOC 1996}}
@String{ stoc98               =   {30th Annual ACM Symposium on Theory of Computing---STOC 1998}}
@String{ stoc00               =   {32nd Annual ACM Symposium on Theory of Computing---STOC 2000}}
@String{ stoc01               =   {33rd Annual ACM Symposium on Theory of Computing---STOC 2001}}
@String{ stoc05               =   {37rd Annual ACM Symposium on Theory of Computing---STOC 2005}}
@String{ stoc06               =   {38th Annual ACM Symposium on Theory of Computing---STOC 2006}}
@String{ stoc08               =   {40th Annual ACM Symposium on Theory of Computing---STOC 2008}}
@String{ stoc09               =   {41st Annual ACM Symposium on Theory of Computing---STOC 2009}}
@String{ stoc11               =   {43rd Annual ACM Symposium on Theory of Computing---STOC 2011}}
@String{ stoc12               =   {44th Annual ACM Symposium on Theory of Computing---STOC 2012}}
@String{ stoc14               =   {46th Annual ACM Symposium on Theory of Computing---STOC 2014}}
@String{ stoc16               =   {48th Annual ACM Symposium on Theory of Computing---STOC 2016}}
@String{ stoc17               =   {49th Annual ACM Symposium on Theory of Computing---STOC 2017}}
@String{ stoc19               =   {51st Annual ACM Symposium on Theory of Computing---STOC 2019}}
@String{ tcc2008              =   {5th Theory of Cryptography Conference---TCC 2008}}
@String{ tcc2015              =   {12th Theory of Cryptography Conference---TCC 2015}}
@String{ tqc11                =   {6th Conference on the Theory of Quantum Computation, Communication, and Cryptography---TQC 2011}}
@String{ tqc12                =   {7th Conference Theory of Quantum Computation, Communication, and Cryptography---TQC 2012}}
@String{ tqc13                =   {8th Conference on the Theory of Quantum Computation, Communication and Cryptography---TQC 2013}}
@String{ tqc14                =   {9th Conference on the Theory of Quantum Computation, Communication and Cryptography---TQC 2014}}
@String{ mfcs2014             =   {39th International Symposium on Mathematical Foundations of Computer Science---MFCS 2014}}
@String{ mfcs2017             =   {42nd International Symposium on Mathematical Foundations of Computer Science---MFCS 2017}}
@String{ mfcs2018             =   {43rd International Symposium on Mathematical Foundations of Computer Science---MFCS 2018}}
@String{ ctrsa2017            =   {Cryptographer's Track at the RSA Conference---CT-RSA 2017}}
@String{ ctrsa2011            =   {Cryptographer's Track at the RSA Conference---CT-RSA 2011}}
@String{ icms2018             =   {6th International Conference on Mathematical Software---ICMS 2018}}
@String{ usenixsecurity2012   =   {21st USENIX Security Symposium---USENIX Security 2012}}
@String{ dsnpr                =   {DSN progress report}}
@String{ iccssp               =   {International Conference on Computers, Systems and Signal Processing}}
@String{ intcc                =   {International Conference on Computers}}
@String{ inffe                =   {Informatik- Forschung und Entwicklung}}
@String{ fsttcs2007           =   {27th International Conference on Foundation of Software Technology and Theoretical Computer Science---FSTTCS 2007}}
@String{ fsttcs14             =   {34th international Conference on Foundation of Software Technology and Theoretical Computer Science---FSTTCS 2014}}
@String{ group22              =   {22nd International Colloquium on Group Theoretical Methods in Physics---GROUP 22}}
@String{ icaaim               =   {10th International Conference on Algorithmic Aspects in Information and Management}}
@String{ ics10                =   {Innovations in Computer Science---ICS 2010}}
@String{ ieeetpcts            =   {IEEE Information Theory Workshop on Theory and phyractice in Information-Theoretic Security 2005}}
@String{ isit10               =   {IEEEE International Symposium on Information Theory---ISIT 2010}}
@String{ mass05               =   {2nd IEEE International Conference on Mobile Adhoc and Sensor Systems---MASS 2005}}
@String{ pcomp94              =   {Workshop on Physics and Computation---PhysComp 1994}}
@String{ wise03               =   {2nd ACM Workshop on Wireless Security---WiSe 2003}}
@String{ icits2016            =   {Information Theoretic Security: 9th International Conference---ICITS 2016}}
@String{ sc05                 =   {18th Annual Conference on Supercomputing---SC '05}}
@String{ hjs                  =   {Hadronic Journal Supplement}}
@String{ ants1998             =   {International Algorithmic Number Theory Symposium---ANTS 1998}}
@String{ sac2017              =   {International Conference on Selected Areas in Cryptography---SAC 2017}}
