@InProceedings{CCS06,
    Title       =   {Secure Localization with Hidden and Mobile Base Stations},
    Author      =   {{\v{C}}apkun, Srdjan and {\v{C}}agalj, Mario and Srivastava, Mani},
    Year        =   {2006},
    Booktitle   =   infocom06,
    Pages       =   {1-10},
    DOI         =   {10.1109/INFOCOM.2006.302},
}
% 20190908-slord: These proceedings do not index articles by pages.

@InProceedings{CH05,
    Title       =   {Secure positioning of wireless devices with application to sensor networks},
    Author      =   {{\v{C}}apkun, Srdjan and Hubaux, Jean-Pierre},
    Year        =   {2005},
    Booktitle   =   infocom05,
    Volume      =   {3},
    Pages       =   {1917-1928},
    DOI         =   {10.1109/INFCOM.2005.1498470},
}

@InProceedings{Aar09,
    Title       =   {Quantum Copy-Protection and Quantum Money},
    Author      =   {Aaronson, Scott},
    Year        =   {2009},
    Booktitle   =   ccc09,
    Pages       =   {229--242},
    DOI         =   {10.1109/CCC.2009.42},
}

@InProceedings{AC12,
    Title       =   {Quantum money from hidden subspaces},
    Author      =   {Aaronson, Scott and Christiano, Paul},
    Year        =   {2012},
    Booktitle   =   stoc12,
    Pages       =   {41--60},
    Doi         =   {10.1145/2213977.2213983},
}

@Article{AFG+12,
    Title       =   {Quantum money},
    Author      =   {Aaronson, Scott and Farhi, Edward and Gosset, David and Hassidim, Avinatan and Kelner, Jonathan and Lutomirski, Andrew},
    Year        =   {2012},
    Journal     =   cacm,
    Volume      =   {55},
    Number      =   {8},
    Pages       =   {84--92},
    DOI         =   {10.1145/2240236.2240258},
}

@InProceedings{ABE10,
    Title       =   {Interactive Proofs For Quantum Computations},
    Author      =   {Aharonov, Dorit and {Ben-Or}, Micheal and Eban, Elad},
    Year        =   {2010},
    Booktitle   =   ics10,
    Pages       =   {453--469},
}
% 20190908-slord: No DOI for this entry.
% 20190908-slord: dblp.uni-trier.de/db/conf/innovations/innovations2010
% 20190908-slord: conferences.iiis.tsingua.edu.cn/ICS2010/content/papers/35.html
% 20190908-slord: There is an arXiv version of this paper, dated 2008.

@Misc{ACG+14arxiv,
    Title       =   {A simpler proof of existence of quantum weak coin flipping with arbitrarily small bias},
    Author      =   {Aharonov, Dorit and Chailloux, Andr\'{e} and Ganz, Maor and Kerenidis, Iordanis and Magnin, Lo\"{i}ck},
    Year        =   {2014},
    Note        =   {Available at \url{https://arxiv.org/abs/1402.7166}.},
}

@InProceedings{ATVY00,
    Title       =   {Quantum bit escrow},
    Author      =   {Aharonov, Dorit and {Ta-Shma}, Amnon and Vazirani V., Umesh and Yao C., Andrew},
    Year        =   {2000},
    Booktitle   =   stoc00,
    Pages       =   {705--714},
    DOI         =   {10.1145/335305.335404},
}

@InProceedings{Ajt96,
    Title       =   {Generating hard instances of lattice problems},
    Author      =   {M. Ajtai},
    Year        =   {1996},
    Booktitle   =   stoc96,
    Pages       =   {99--108},
    Doi         =   {10.1145/237814.237838},
}

@Article{ABB+14,
    Title       =   {Using quantum key distribution for cryptographic purposes: A survey},
    Author      =   {All\'{e}aume, Rheal and Branciard, C and Bouda, J and Debuisschert, T and Dianati, M and Gisin, N and Godfrey, M and Grangier, P and L{\"a}nger, T and L{\"u}tkenhaus, N and Monyk, C and Painchault, P and Peev, M and Poppe, A and Pornin, T and Rarity, J and Renner, R and Ribordy, G and Riguidel, M and Salvail, L and Shields, A and Weinfurter, H and Zeilinger, A},
    Year        =   {2014},
    Journal     =   tcs,
    Volume      =   {560},
    Pages       =   {62--81},
    DOI         =   {10.1016/j.tcs.2014.09.018},
}

@InProceedings{ABDR04,
    Title       =   {Multiparty Quantum Coin Flipping},
    Author      =   {Andris Ambainis and Harry Buhrman and Yevgeniy Dodis and Hein R{\"o}hrig},
    Booktitle   =   ccc04,
    Year        =   {2004},
    Pages       =   {250--259},
    Url         =   {http://dl.acm.org/citation.cfm?id=1009561},
}

@InProceedings{AMTW00,
    Title       =   {Private Quantum Channels},
    Author      =   {Andris Ambainis and Michele Mosca and Alain Tapp and Ronald de Wolf},
    Booktitle   =   focs00,
    Year        =   {2000},
    Pages       =   {547--553},
    Doi         =   {10.1109/SFCS.2000.892142},
}

@InProceedings{ARU14,
    Title       =   {Quantum Attacks on Classical Proof Systems: The Hardness of Quantum Rewinding},
    Author      =   {Andris Ambainis and Ansis Rosmanis and Dominique Unruh},
    Booktitle   =   focs14,
    Year        =   {2014},
    Pages       =   {474-483},
    Doi         =   {10.1109/FOCS.2014.57},
    Eprint      =   {\arxiv{1404.6898}},
}

@Article{AS06,
    Title       =   {Blind quantum computation},
    Author      =   {Pablo Arrighi and Louis Salvail},
    Journal     =   ijqi,
    Year        =   {2006},
    Number      =   {5},
    Pages       =   {883-898},
    Volume      =   {4},
    Doi         =   {10.1142/S0219749906002171},
}

@Article{BvD10,
    Title       =   {Recent progress in quantum algorithms},
    Author      =   {Dave Bacon and Wim van Dam},
    Journal     =   cacm,
    Year        =   {2010},
    Number      =   {2},
    Pages       =   {84--93},
    Volume      =   {53},
    Doi         =   {10.1145/1646353.1646375},
    ISSN        =   {0001-0782},
    Publisher   =   {ACM},
}

@Article{BGI+12,
    Title       =   {On the (Im)Possibility of Obfuscating Programs},
    Author      =   {Boaz Barak and Oded Goldreich and Russell Impagliazzo and Steven Rudich and Amit Sahai and Salil Vadhan and Ke Yang},
    Year        =   {2012},
    Journal     =   jacm,
    Volume      =   {59},
    Number      =   {2},
    Pages       =   {6},
    DOI         =   {10.1145/2160158.2160159},
}

@Article{BHK05,
    Title       =   {No Signaling and Quantum Key Distribution},
    Author      =   {Jonathan Barrett and Lucien Hardy and Adrian Kent},
    Journal     =   phyrevl,
    Year        =   {2005},
    Number      =   {1},
    Pages       =   {010503},
    Volume      =   {95},
    Doi         =   {10.1103/physrevlett.95.010503},
    Publisher   =   {APS},
}

@Article{BLM+05,
    Title       =   {Nonlocal correlations as an information-theoretic resource},
    Author      =   {Barrett, Jonathan and Linden, Noah and Massar, Serge and Pironio, Stefano and Popescu, Sandu and Roberts, David},
    Journal     =   phyra,
    Year        =   {2005},
    Number      =   {2},
    Pages       =   {022101},
    Volume      =   {71},
    Doi         =   {10.1103/PhysRevA.71.022101},
}

@Article{BFKW13,
    Title       =   {Experimental verification of quantum computation},
    Author      =   {Stefanie Barz and Joseph F. Fitzsimons and Elham Kashefi and Philip Walther},
    Journal     =   natphys,
    Year        =   {2013},
    Number      =   {11},
    Pages       =   {727--731},
    Volume      =   {9},
    Doi         =   {10.1038/nphys2763},
    Publisher   =   {Nature Publishing Group},
}

@Article{BKB+12,
    Title       =   {Demonstration of Blind Quantum Computing},
    Author      =   {Stephanie Barz and Elham Kashefi and Anne Broadbent and Joseph F Fitzsimons and Anton Zeilinger and Philip Walther},
    Journal     =   sci,
    Year        =   {2012},
    Number      =   {6066},
    Pages       =   {303-308},
    Volume      =   {335},
    Doi         =   {10.1126/science.1214707},
    ISSN        =   {1095-9203},
    Publisher   =   {American Association for the Advancement of Science},
}

@Article{BK11,
    Title       =   {Simplified instantaneous non-local quantum computation with applications to position-based cryptography},
    Author      =   {Salman Beigi and Robert K\"{o}nig},
    Journal     =   njp,
    Year        =   {2011},
    Number      =   {9},
    Volume      =   {13},
    Doi         =   {10.1088/1367-2630/13/9/093036},
}

@Article{Bel64,
    Title       =   {On the {E}instein-{P}odolsky-{R}osen Paradox},
    Author      =   {John S. Bell},
    Journal     =   {Physics 1},
    Year        =   {1964},
    Pages       =   {195--200},
    Url         =   {http://cds.cern.ch/record/111654/files/vol1p195-200_001.pdf},
}

@Article{Ben92,
    Title       =   {Quantum Cryptography: Uncertainty in the Service of Privacy},
    Author      =   {Charles H. Bennett},
    Journal     =   sci,
    Year        =   {1992},
    Number      =   {5071},
    Pages       =   {752--753},
    Volume      =   {257},
    Doi         =   {10.1126/science.257.5071.752},
    ISSN        =   {1095-9203},
    Publisher   =   {American Association for the Advancement of Science},
}

@Article{BBB+92,
    Title       =   {Experimental quantum cryptography},
    Author      =   {Charles H. Bennett and Fran{\c{c}}ois Bessette and Gilles Brassard and Louis Salvail and John Smolin},
    Journal     =   jcryp,
    Year        =   {1992},
    Number      =   {1},
    Pages       =   {3--28},
    Volume      =   {5},
    Doi         =   {10.1007/bf00191318},
    ISSN        =   {1432-1378},
}

@InProceedings{BB84,
    Title       =   {Quantum cryptography: Public key distribution and coin tossing},
    Author      =   {Charles H. Bennett and Gilles Brassard},
    Booktitle   =   {International Conference on Computers, Systems and Signal Processing},
    Year        =   {1984},
    Pages       =   {175-179},
}

@Article{BB14,
    Title       =   {Quantum cryptography: Public key distribution and coin tossing},
    Author      =   {Charles H. Bennett and Gilles Brassard},
    Journal     =   tcs,
    Year        =   {2014},
    Pages       =   {7--11},
    Volume      =   {560},
    Doi         =   {10.1016/j.tcs.2014.05.025},
}

@Article{BBB14,
    Title       =   {Quantum Cryptography {II}: How to re-use a one-time pad safely even if {P=NP}},
    Author      =   {Charles H. Bennett and Gilles Brassard and Seth Breidbart},
    Journal     =   nc,
    Year        =   {2014},
    Number      =   {4},
    Pages       =   {453-458},
    Volume      =   {13},
    Doi         =   {10.1007/s11047-014-9453-6},
    ISSN        =   {1567-7818},
    Language    =   {English},
}

@InProceedings{BBBW82,
    Title       =   {Quantum Cryptography, or Unforgeable Subway Tokens},
    Author      =   {Charles H. Bennett and Gilles Brassard and Seth Breidbart and Stephen Wiesner},
    Booktitle   =   crypto1982,
    Year        =   {1982},
    Pages       =   {267-275},
    Doi         =   {10.1007/978-1-4757-0602-4\_26},
    ISBN        =   {978-1-4757-0604-8},
    Language    =   {English},
}

@Article{BBC+93,
    Title       =   {Teleporting an unknown quantum state via dual classical and {Einstein-Podolsky-Rosen} channels},
    Author      =   {Bennett, Charles H. and Brassard, Gilles and Cr{\'e}peau, Claude and Jozsa, Richard and Peres, Asher and Wootters, William K.},
    Journal     =   phyrevl,
    Year        =   {1993},
    Number      =   {13},
    Pages       =   {1895},
    Volume      =   {70},
    Doi         =   {10.1103/PhysRevLett.70.1895},
}

@InProceedings{BBCS92,
    Title       =   {Practical Quantum Oblivious Transfer},
    Author      =   {Charles H. Bennett and Gilles Brassard and Claude Cr\'{e}peau and Marie-H\'{e}l\`{e}ne Skubiszewska},
    Booktitle   =   crypto1991,
    Year        =   {2001},
    Pages       =   {351--366},
    Doi         =   {10.1007/3-540-46766-1\_29},
    ISBN        =   {978-3-540-55188-1},
    ISSN        =   {0302-9743},
}

@Article{BBM92,
    Title       =   {Quantum cryptography without {B}ell's theorem},
    Author      =   {Charles H. Bennett and Gilles Brassard and N. David Mermin},
    Journal     =   phyrevl,
    Year        =   {1992},
    Number      =   {5},
    Pages       =   {557-559},
    Volume      =   {68},
    Doi         =   {10.1103/physrevlett.68.557},
    ISSN        =   {0031-9007},
    Publisher   =   {APS},
}

@InProceedings{BCG+06,
    Title       =   {Secure multiparty quantum computation with (only) a strict honest majority},
    Author      =   {Michael {Ben-Or} and Claude Cr\'{e}peau and Daniel Gottesman and Avinatan Hassidim and Adam Smith},
    Booktitle   =   focs06,
    Year        =   {2006},
    Pages       =   {249--260},
    Arxivid     =   {0801.1544},
    Doi         =   {10.1109/FOCS.2006.68},
    Eprint      =   {0801.1544},
    ISBN        =   {0769527205},
    ISSN        =   {02725428},
}

@InProceedings{BGKW88,
    Title       =   {Multi-prover interactive proofs: how to remove intractability assumptions},
    Author      =   {Michael {Ben-Or} and Shafi Goldwasser and Joe Kilian and Avi Widgerson},
    Year        =   {1988},
    Booktitle   =   stoc88,
    Pages       =   {113--131},
    DOI         =   {10.1145/62212.62223},
}

@InProceedings{BH05,
    Title       =   {Fast Quantum {B}yzantine Agreement},
    Author      =   {{Ben-Or}, Michael and Hassidim, Avinatan},
    Booktitle   =   stoc05,
    Year        =   {2005},
    Pages       =   {481-485},
    Doi         =   {10.1145/1060590.1060662},
}

@Article{BBB+11,
    Title       =   {Experimental loss-tolerant quantum coin flipping},
    Author      =   {Guido Berl\'{i}n and Gilles Brassard and F\'{e}lix Bussi\`{e}res and Joshua A. Slater and Wolfgang Tittel},
    Journal     =   ncomms,
    Year        =   {2011},
    Pages       =   {561},
    Volume      =   {2},
    Doi         =   {10.1038/ncomms1572},
    ISSN        =   {2041-1723},
    Publisher   =   {Nature Publishing Group},
}

@InProceedings{BJLM13,
    Title       =   {Quantum algorithms for the subset-sum problem},
    Author      =   {Daniel J. Bernstein and Stacey Jeffery and Tanja Lange and Alexander Meurer},
    Booktitle   =   pqcrypto13,
    Year        =   {2013},
    Pages       =   {16-33},
    Doi         =   {10.1007/978-3-642-38616-9\_2},
}

@Article{BBCW13,
    Title       =   {Entanglement Cost of Quantum Channels},
    Author      =   {Mario Berta and Fernando G S L Brand{\~{a}}o and Matthias Christandl and Stephanie Wehner},
    Journal     =   ieeetit,
    Year        =   {2013},
    Number      =   {10},
    Pages       =   {6779--6795},
    Volume      =   {59},
    Arxivid     =   {1108.5357},
    Doi         =   {10.1109/TIT.2013.2268533},
    Eprint      =   {1108.5357},
    ISBN        =   {9781467325790},
    ISSN        =   {0018-9448},
    Publisher   =   {IEEE},
}

@Article{BFW14,
    Title       =   {Quantum to Classical Randomness Extractors},
    Author      =   {Mario Berta and Omar Fawzi and Stephanie Wehner},
    Journal     =   ieeetit,
    Year        =   {2014},
    Number      =   {2},
    Pages       =   {1168-1192},
    Volume      =   {60},
    Arxivid     =   {1111.2026},
    Doi         =   {10.1109/TIT.2013.2291780},
    Eprint      =   {1111.2026},
    ISBN        =   {9783642320088},
    ISSN        =   {0018-9448},
}

@Article{Blu83,
    Title       =   {Coin flipping by telephone a protocol for solving impossible problems},
    Author      =   {Manuel Blum},
    Journal     =   acmsigactn,
    Year        =   {1983},
    Number      =   {1},
    Pages       =   {23-27},
    Volume      =   {15},
    Doi         =   {10.1145/1008908.1008911},
}

@InProceedings{BDF+11,
    Title       =   {Random Oracles in a Quantum World},
    Author      =   {Boneh, Dan and Dagdelen, {\"{O}}zg\"{u}r and Fischlin,Marc and Anja Lehmann and Christian Schaffner and Mark Zhandry},
    Booktitle   =   asiacrypt11,
    Year        =   {2011},
    Pages       =   {41-69},
    Arxivid     =   {arXiv:1008.0931v1},
    Doi         =   {10.1007/978-3-642-25385-0\_3},
    Eprint      =   {arXiv:1008.0931v1},
}

@InProceedings{BZ13,
    Title       =   {Secure Signatures and Chosen Ciphertext Security in a Quantum Computing World},
    Author      =   {Dan Boneh and Mark Zhandry},
    Booktitle   =   crypto2013,
    Year        =   {2013},
    Pages       =   {361--379},
    Doi         =   {10.1007/978-3-642-40084-1\_21},
    HowPublished=   {Cryptology ePrint Archive, Report 2013/088},
    ISBN        =   {9783642400834},
    ISSN        =   {03029743},
    Keywords    =   {Quantum computing,encryption,quantum security,signatures},
}

@Conference{BFGS13,
    Title       =   {An All-But-One Entropic Uncertainty Relation, and Application to Password-Based Identification},
    Author      =   {Niek J. Bouman and Serge Fehr and Carlos Gonz\'{a}lez-Guill\'{e}n and Christian Schaffner},
    Booktitle   =   tqc12,
    Year        =   {2013},
    Pages       =   {29--44},
    Annote      =   {to appear},
    Arxivid     =   {1105.6212},
    Doi         =   {10.1007/978-3-642-35656-8\_3},
    Eprint      =   {1105.6212},
    ISBN        =   {9783642356551},
    ISSN        =   {03029743},
}

@Article{BBHT98,
    Title       =   {Tight Bounds on Quantum Searching},
    Author      =   {Michel Boyer and Gilles Brassard and Peter H{\o}yer and Alain Tapp},
    Journal     =   {Fortschritte der Physik},
    Year        =   {1998},
    Number      =   {4-5},
    Pages       =   {493--505},
    Volume      =   {46},
    Doi         =   {10.1002/(sici)1521-3978(199806)46:4/5<493::aid-prop493>3.0.co;2-p},
    ISSN        =   {1521-3978},
    Publisher   =   {Wiley-Blackwell},
}

@Article{BR03,
    Title       =   {Optimal encryption of quantum bits},
    Author      =   {P Oscar Boykin and Vwani Roychowdhury},
    Journal     =   phyra,
    Year        =   {2003},
    Number      =   {4},
    Pages       =   {042317},
    Volume      =   {67},
    Doi         =   {10.1103/PhysRevA.67.042317},
    Publisher   =   {APS},
}

@InProceedings{BC93,
    Title       =   {Distance-Bounding Protocols},
    Author      =   {Stefan Brands and David Chaum},
    Booktitle   =   eurocrypt93,
    Year        =   {1993},
    Pages       =   {344-359},
    Doi         =   {10.1007/3-540-48285-7\_30},
}

@Article{Bra05,
    Title       =   {Brief history of Quantum Cryptography: A Personal Perspective},
    Author      =   {Gilles Brassard},
    Journal     =   {IEEE Information Theory Workshop on Theory and Practice in Information-Theoretic Security},
    Year        =   {2005},
    Pages       =   {19-23},
    Doi         =   {10.1109/ITWTPI.2005.1543949},
    ISBN        =   {http://id.crossref.org/isbn/0-7803-9491-7},
    Publisher   =   {IEEE},
}

@Article{BBF+07,
    Title       =   {Anonymous Quantum Communication},
    Author      =   {Gilles Brassard and Anne Broadbent and Joseph Fitzsimons and S\'{e}bastien Gambs and Alain Tapp},
    Journal     =   asiacrypt07,
    Year        =   {2007},
    Pages       =   {460-473},
    Volume      =   {4833},
    Doi         =   {10.1007/978-3-540-76900-2\_28},
    ISBN        =   {http://id.crossref.org/isbn/978-3-540-76899-9},
}

@Article{BBL+06,
    Title       =   {Limit on Nonlocality in Any World in Which Communication Complexity Is Not Trivial},
    Author      =   {Brassard, Gilles and Buhrman, Harry and Linden, Noah and M\'ethot, Andr\'e Allan and Tapp, Alain and Unger , Falk},
    Journal     =   phyrevl,
    Year        =   {2006},
    Pages       =   {250401},
    Volume      =   {96},
    Doi         =   {10.1103/PhysRevLett.96.250401},
    Issue       =   {25},
    Numpages    =   {4},
}

@Misc{BCMS97arxiv,
    Title       =   {A brief review on the impossibility of quantum bit commitment},
    Author      =   {Brassard, Gilles and Cr{\'e}peau, Claude and Mayers, Dominic and Salvail, Louis},
    Year        =   {1997},
    Arxivid     =   {quant-ph/9712023},
}

@InProceedings{BC91,
    Title       =   {Quantum Bit Commitment and Coin Tossing Protocols},
    Author      =   {Gilles Brassard and Claude Cr\'{e}peau},
    Booktitle   =   crypto1990,
    Year        =   {1991},
    Pages       =   {49--61},
    Doi         =   {10.1007/3-540-38424-3\_4},
    ISBN        =   {3-540-54508-5},
}

@Article{BC96,
    Title       =   {25 years of quantum cryptography},
    Author      =   {Gilles Brassard and Claude Cr\'{e}peau},
    Journal     =   acmsigactn,
    Year        =   {1996},
    Number      =   {3},
    Pages       =   {13--24},
    Volume      =   {27},
    Doi         =   {10.1145/235666.235669},
    Publisher   =   {ACM},
}

@InProceedings{BCJL93,
    Title       =   {A quantum bit commitment scheme provably unbreakable by both parties},
    Author      =   {Gilles Brassard and Claude Cr\'{e}peau and Richard Jozsa and Denis Langlois},
    Booktitle   =   focs93,
    Year        =   {1993},
    Pages       =   {362--371},
    Doi         =   {10.1109/SFCS.1993.366851},
    ISBN        =   {0-8186-4370-6},
    ISSN        =   {0272-5428},
}

@InProceedings{BHK+11,
    Title       =   {Merkle Puzzles in a Quantum World},
    Author      =   {Gilles Brassard and Peter H{\o}yer and Kassem Kalach and Marc Kaplan and Sophie Laplante and Louis Salvail},
    Booktitle   =   crypto2011,
    Year        =   {2011},
    Pages       =   {391--410},
    Doi         =   {10.1007/978-3-642-22792-9\_22},
    ISBN        =   {http://id.crossref.org/isbn/978-3-642-22792-9},
    ISSN        =   {1611-3349},
    Journal     =   {Lecture Notes in Computer Science},
}

@Article{BHMT02,
    Title       =   {Quantum amplitude amplification and estimation},
    Author      =   {Gilles Brassard and Peter H{\o}yer and Michele Mosca and Alain Tapp},
    Journal     =   {Quantum Computation and Quantum Information},
    Year        =   {2000},
    Pages       =   {53--74},
    Volume      =   {305},
    Publisher   =   {Providence, RI; American Mathematical Society; 1999},
    Url         =   {http://arxiv.org/pdf/quant-ph/0005055.pdf},
}

@Article{Bro15,
    Title       =   {Delegating private quantum computations},
    Author      =   {Anne Broadbent},
    Journal     =   cjp,
    Year        =   {2015},
    Number      =   {9},
    Pages       =   {941-946},
    Volume      =   {93},
    Doi         =   {10.1139/cjp-2015-0030},
    Eprint      =   {http://dx.doi.org/10.1139/cjp-2015-0030},
    Url         =   {http://dx.doi.org/10.1139/cjp-2015-0030},
}

@InProceedings{BFK09,
    Title       =   {Universal blind quantum computation},
    Author      =   {Anne Broadbent and Joseph Fitzsimons and Elham Kashefi},
    Booktitle   =   focs09,
    Year        =   {2009},
    Pages       =   {517-526},
    Annote      =   {available at $\backslash$url\{http://arxiv.org/abs/0807.4154\}},
    Doi         =   {10.1109/FOCS.2009.36},
}

@InProceedings{BGS13,
    Title       =   {Quantum One-Time Programs},
    Author      =   {Anne Broadbent and Gus Gutoski and Douglas Stebila},
    Booktitle   =   crypto2013,
    Year        =   {2013},
    Pages       =   {344-360},
    Doi         =   {10.1007/978-3-642-40084-1\_20},
    ISBN        =   {http://id.crossref.org/isbn/978-3-642-40084-1},
    ISSN        =   {1611-3349},
}

@InProceedings{BJ15,
    Title       =   {Quantum Homomorphic Encryption for Circuits of Low {T}-gate Complexity},
    Author      =   {Anne Broadbent and Stacey Jeffery},
    Booktitle   =   crypto2015,
    Volume      =   {2},
    Year        =   {2015},
    Pages       =   {609-629},
    Doi         =   {10.1007/978-3-662-48000-7\_30},
    ISBN        =   {http://id.crossref.org/isbn/978-3-662-48000-7},
    ISSN        =   {1611-3349},
    Journal     =   {Advances in Cryptology -- CRYPTO 2015},
}

@Article{BM06,
    Title       =   {On the power of non-local boxes},
    Author      =   {Broadbent, Anne and M{\'e}thot, Andr{\'e} Allan},
    Journal     =   tcs,
    Year        =   {2006},
    Number      =   {1},
    Pages       =   {3--14},
    Volume      =   {358},
    Doi         =   {10.1016/j.tcs.2005.08.035},
}

@Misc{BNSU14arxiv,
    Title       =   {An adaptive attack on {W}iesner's quantum money},
    Author      =   {Aharon Brodutch and Daniel Nagaj and Or Sattath and Dominique Unruh},
    Year        =   {2014},
    Arxivid     =   {1404.1507},
}

@Article{BEM+07,
    Title       =   {Quantum cryptography: {A} survey},
    Author      =   {Dagmar Bru{\ss} and G\'{a}bor Erd\'{e}lyi and Tim Meyer and Tobias Riege and J\"{o}rg Rothe},
    Journal     =   acmcs,
    Year        =   {2007},
    Number      =   {2},
    Volume      =   {39},
    Doi         =   {10.1145/1242471.1242474},
}

@Article{BCF+14,
    Title       =   {Position-Based Quantum Cryptography: {I}mpossibility and {C}onstructions},
    Author      =   {Harry Buhrman and Nishanth Chandran and Serge Fehr and Ran Gelles and Vipul Goyal and Rafail Ostrovsky and Christian Schaffner},
    Journal     =   siamjc,
    Year        =   {2014},
    Number      =   {1},
    Pages       =   {150--178},
    Volume      =   {43},
    Doi         =   {10.1137/130913687},
    Publisher   =   {Society for Industrial {\&} Applied Mathematics ({SIAM})},
}

@InProceedings{BCF+11,
    Title       =   {Position-Based Quantum Cryptography: {I}mpossibility and {C}onstructions},
    Author      =   {Harry Buhrman and and Nishanth Chandranand and Serge Fehr and Ran Gelles and Vipul Goyal and Rafail Ostrovsky and Christian Schaffner},
    Booktitle   =   crypto2011,
    Year        =   {2011},
    Doi         =   {10.1007/978-3-642-22792-9\_24},
    Keyword     =   {Computer Science},
}

@Article{BCH+06,
    Title       =   {Security of Quantum Bit String Commitment Depends on the Information Measure},
    Author      =   {Harry Buhrman and Matthias Christandl and Patrick Hayden and Hoi-Kwong Lo and Stephanie Wehner},
    Journal     =   phyrevl,
    Year        =   {2006},
    Number      =   {25},
    Volume      =   {97},
    Doi         =   {10.1103/physrevlett.97.250501},
    Publisher   =   {APS},
}

@Article{BCH+08,
    Title       =   {Possibility, impossibility, and cheat sensitivity of quantum-bit string commitment},
    Author      =   {Harry Buhrman and Matthias Christandl and Patrick Hayden and Hoi-Kwong Lo and Stephanie Wehner},
    Journal     =   phyra,
    Year        =   {2008},
    Number      =   {2},
    Pages       =   {022316},
    Volume      =   {78},
    Doi         =   {10.1103/physreva.78.022316},
    Publisher   =   {APS},
}

@Article{BCS12,
    Title       =   {Complete Insecurity of Quantum Protocols for Classical Two-Party Computation},
    Author      =   {Harry Buhrman and Matthias Christandl and Christian Schaffner},
    Journal     =   phyrevl,
    Year        =   {2012},
    Number      =   {16},
    Volume      =   {109},
    Doi         =   {10.1103/physrevlett.109.160501},
    Publisher   =   {APS},
}

@Conference{BFSS13,
    Title       =   {The garden-hose model},
    Author      =   {Harry Buhrman and Serge Fehr and Christian Schaffner and Florian Speelman},
    Booktitle   =   itcs13,
    Year        =   {2013},
    Pages       =   {145-158},
    Doi         =   {10.1145/2422436.2422455},
}

@PhdThesis{Bus04,
    Title       =   {Trust Establishment Protocols for Communicating Devices},
    Author      =   {Laurent Bussard},
    School      =   {Eurecom-ENST},
    Year        =   {2004},
    Url         =   {http://www.eurecom.fr/publication/1519},
}

@InProceedings{CM97,
    Title       =   {Unconditional security against memory-bounded adversaries},
    Author      =   {Christian Cachin and Ueli Maurer},
    Booktitle   =   crypto1997,
    Year        =   {1997},
    Pages       =   {292--306},
    Doi         =   {10.1007/BFb0052243},
}

@Conference{Can01,
    Title       =   {Universally Composable Security: {A} New Paradigm for Cryptographic Protocols},
    Author      =   {Ran Canetti},
    Booktitle   =   focs01,
    Year        =   {2001},
    Pages       =   {136--145},
    Doi         =   {10.1109/SFCS.2001.959888},
}

@Article{CW79,
    Title       =   {Universal classes of hash functions},
    Author      =   {J. Lawrence Carter and Mark N. Wegman},
    Journal     =   jcss,
    Year        =   {1979},
    Number      =   {2},
    Pages       =   {143-154},
    Volume      =   {18},
    Doi         =   {10.1016/0022-0000(79)90044-8},
    Publisher   =   {Elsevier},
}

@InProceedings{CK09,
    Title       =   {Optimal Quantum Strong Coin Flipping},
    Author      =   {Andr\'{e} Chailloux and Iordanis Kerenidis},
    Booktitle   =   focs09,
    Year        =   {2009},
    Pages       =   {527--533},
    Doi         =   {10.1109/FOCS.2009.71},
}

@InProceedings{CK11,
    Title       =   {Optimal Bounds for Quantum Bit Commitment},
    Author      =   {Andr\'{e} Chailloux and Iordanis Kerenidis},
    Booktitle   =   focs11,
    Year        =   {2011},
    Pages       =   {354--362},
    Doi         =   {10.1109/FOCS.2011.42},
}

@Article{CL15,
    Title       =   {Practical position-based quantum cryptography},
    Author      =   {Chakraborty, Kaushik and Leverrier, Anthony},
    Journal     =   phyra,
    Year        =   {2015},
    Pages       =   {052304},
    Volume      =   {92},
    Doi         =   {10.1103/PhysRevA.92.052304},
    Issue       =   {5},
    Numpages    =   {10},
    Publisher   =   {American Physical Society},
}

@Article{CLM+14,
    Title       =   {Performing private database queries in a real-world environment using a quantum protocol},
    Author      =   {Philip Chan and Itzel {Lucio-Martinez} and Xiaofan Mo and Christoph Simon and Wolfgang Tittel},
    Journal     =   srep,
    Year        =   {2014},
    Pages       =   {5233},
    Volume      =   {4},
    Doi         =   {10.1038/srep05233},
    Publisher   =   {Nature Publishing Group},
}

@Misc{CFG+10arxiv,
    Title       =   {Position-Based Quantum Cryptography},
    Author      =   {Chandran, Nishanth and Fehr, Serge and Gelles, Ran and Goyal, Vipul and Ostrovsky, Rafail},
    Year        =   {2010},
    Arxivid     =   {1005.1750},
}

@Conference{CGMO09,
    Title       =   {Position Based Cryptography},
    Author      =   {Nishanth Chandran and Vipul Goyal and Ryan Moriarty and Rafail Ostrovsky},
    Booktitle   =   crypto2009,
    Year        =   {2009},
    Pages       =   {391--407},
    Doi         =   {10.1007/978-3-642-03356-8\_23},
}

@Article{CMJ+05,
    Title       =   {Storage and retrieval of single photons transmitted between remote quantum memories},
    Author      =   {T. Chaneli\`{e}re and D. N. Matsukevich and S. D. Jenkins and S.-Y. Lan and T. A. B. Kennedy and A. Kuzmich},
    Journal     =   nat,
    Year        =   {2005},
    Pages       =   {833-836},
    Volume      =   {438},
    Doi         =   {10.1038/nature04315},
    Publisher   =   {Nature Publishing Group},
}

@Article{CJS13,
    Title       =   {Constructing elliptic curve isogenies in quantum subexponential time},
    Author      =   {Andrew Childs and David Jao and Vladimir Soukharev},
    Journal     =   jmcryp,
    Year        =   {2013},
    Number      =   {1},
    Pages       =   {1-29},
    Volume      =   {8},
    Doi         =   {10.1515/jmc-2012-0016},
}

@Article{Chi05,
    Title       =   {Secure assisted quantum computation},
    Author      =   {Andrew M. Childs},
    Journal     =   qic,
    Year        =   {2005},
    Number      =   {6},
    Pages       =   {456-466},
    Volume      =   {5},
    Url         =   {http://arxiv.org/abs/quant-ph/0111046},
}

@Article{CLN05,
    Title       =   {Unified derivations of measurement-based schemes for quantum computation},
    Author      =   {Childs, Andrew M. and Leung, Debbie W. and Nielsen, Michael A.},
    Journal     =   phyra,
    Year        =   {2005},
    Number      =   {3},
    Pages       =   {032318},
    Volume      =   {71},
    Doi         =   {10.1103/PhysRevA.71.032318},
}

@Article{CDP+13,
    Title       =   {A short impossibility proof of quantum bit commitment},
    Author      =   {Giulio Chiribella and Giacomo Mauro D'Ariano and Paolo Perinotti and Dirk Schlingemann and Reinhard Werner},
    Journal     =   phyrevl,
    Year        =   {2013},
    Number      =   {15},
    Pages       =   {1076-1087},
    Volume      =   {377},
    Arxivid     =   {0905.3801},
    Doi         =   {10.1016/j.physleta.2013.02.045},
    Eprint      =   {0905.3801},
    ISSN        =   {03759601},
    Publisher   =   {Elsevier},
}

@Article{CDP+13b,
    Title       =   {A short impossibility proof of quantum bit commitment},
    Author      =   {Giulio Chiribella and Giacomo Mauro D'Ariano and Paolo Perinotti and Dirk Schlingemann and Reinhard Werner},
    Journal     =   phyla,
    Year        =   {2013},
    Number      =   {15},
    Pages       =   {1076--1087},
    Volume      =   {377},
    Arxivid     =   {0905.3801},
    Doi         =   {10.1016/j.physleta.2013.02.045},
    Eprint      =   {0905.3801},
    ISSN        =   {03759601},
    Keywords    =   {Quantum bit commitment,Quantum combs,Quantum protocols},
    Publisher   =   {Elsevier},
}

@InProceedings{CSWX14,
    Title       =   {The Garden Hose Complexity for the Equality Function},
    Author      =   {Well Y. Chiu and Mario Szegedy and Chengu Wang and Yixin Xu},
    Booktitle   =   aaim,
    Year        =   {2014},
    Pages       =   {112-123},
    Doi         =   {10.1007/978-3-319-07956-1\_11},
}

@Article{CKR09,
    Title       =   {Postselection Technique for Quantum Channels with Applications to Quantum Cryptography},
    Author      =   {Matthias Christandl and Robert K\"{o}nig and Renato Renner},
    Journal     =   phyrevl,
    Year        =   {2009},
    Number      =   {2},
    Pages       =   {020504},
    Volume      =   {102},
    Doi         =   {10.1103/physrevlett.102.020504},
    Publisher   =   {APS},
}

@Conference{CW05,
    Title       =   {Quantum Anonymous Transmissions},
    Author      =   {Matthias Christandl and Stephanie Wehner},
    Booktitle   =   asiacrypt05,
    Year        =   {2005},
    Pages       =   {217-235},
    Doi         =   {10.1007/11593447\_12},
    ISBN        =   {http://id.crossref.org/isbn/978-3-540-32267-2},
    ISSN        =   {1611-3349},
    Journal     =   {Advances in Cryptology - ASIACRYPT 2005},
}

@Article{CMA+13,
    Title       =   {Detection-Loophole-Free Test of Quantum Nonlocality, and Applications},
    Author      =   {B. G. Christensen and K. T. McCusker and J. B. Altepeter and B. Calkins and T. Gerrits and A. E. Lita and A. Miller and L. K. Shalm and Y. Zhang and S. W. Nam and N. Brunner and C. C. W. Lim and N. Gisin and P. G. Kwiat},
    Journal     =   phyrevl,
    Year        =   {2013},
    Number      =   {13},
    Pages       =   {130406},
    Volume      =   {111},
    Doi         =   {10.1103/physrevlett.111.130406},
    ISSN        =   {1079-7114},
    Publisher   =   {APS},
}

@Article{Cir80,
    Title       =   {Quantum generalizations of {Bell's} inequality},
    Author      =   {Cirel'son, B.S.},
    Journal     =   lmp,
    Year        =   {1980},
    Number      =   {2},
    Pages       =   {93-100},
    Volume      =   {4},
    Doi         =   {10.1007/BF00417500},
}

@Article{CHSH69,
    Title       =   {Proposed experiment to test local hidden-variable theories},
    Author      =   {John F. Clauser and Michael A. Horne. and Abner Shimony and Richard A. Holt},
    Journal     =   phyrevl,
    Year        =   {1969},
    Number      =   {15},
    Pages       =   {880--884},
    Volume      =   {23},
    Doi         =   {10.1103/PhysRevLett.23.880},
    ISSN        =   {00319007},
    Pmid        =   {17798674},
}

@Article{CGL99,
    Title       =   {How to Share a Quantum Secret},
    Author      =   {Richard Cleve and Daniel Gottesman and Hoi-Kwong Lo},
    Journal     =   phyrevl,
    Year        =   {1999},
    Number      =   {3},
    Pages       =   {648--651},
    Volume      =   {83},
    Doi         =   {10.1103/PhysRevLett.83.648},
    Issue       =   {3},
}

@PhdThesis{Col06,
    Title       =   {Quantum And Relativistic Protocols For Secure Multi-Party Computation},
    Author      =   {Roger Colbeck},
    School      =   {University of Cambridge, UK},
    Year        =   {2006},
    Arxivid     =   {0911.3814},
    Eprint      =   {0911.3814},
    Pages       =   {150},
    Url         =   {http://arxiv.org/abs/0911.3814},
}

@Article{Col07,
    Title       =   {Impossibility of secure two-party classical computation},
    Author      =   {Roger Colbeck},
    Journal     =   phyra,
    Year        =   {2007},
    Number      =   {6},
    Pages       =   {062308},
    Volume      =   {76},
    Doi         =   {10.1103/physreva.76.062308},
    Publisher   =   {APS},
}

@Article{CR12,
    Title       =   {Free randomness can be amplified},
    Author      =   {Roger Colbeck and Renato Renner},
    Journal     =   natphys,
    Year        =   {2012},
    Pages       =   {450--453},
    Volume      =   {8},
    Doi         =   {10.1038/nphys2300},
    ISSN        =   {1745-2481},
    Publisher   =   {Nature Publishing Group},
}

@InProceedings{Cre88,
    Title       =   {Equivalence Between Two Flavours of Oblivious Transfers},
    Author      =   {Claude Cr{\'e}peau},
    Booktitle   =   crypto1987,
    Year        =   {1988},
    Pages       =   {350--354},
    Doi         =   {10.1007/3-540-48184-2\_30},
    ISBN        =   {http://id.crossref.org/isbn/978-3-540-48184-3},
    ISSN        =   {1611-3349},
    Journal     =   {Lecture Notes in Computer Science},
}

@InProceedings{CK88,
    Title       =   {Achieving Oblivious Transfer Using Weakened Security Assumptions},
    Author      =   {Claude Cr\'{e}peau and Joe Kilian},
    Booktitle   =   focs88,
    Year        =   {1988},
    Pages       =   {42--52},
    Doi         =   {10.1109/SFCS.1988.21920},
}

@Conference{CLS01,
    Title       =   {How to convert the flavor of a quantum bit commitment},
    Author      =   {Claude Cr\'{e}peau and Fr\'{e}d\'{e}ric L\'{e}gar\'{e} and Louis Salvail},
    Booktitle   =   eurocrypt01,
    Year        =   {2001},
    Pages       =   {60-77},
    Doi         =   {10.1007/3-540-44987-6\_5},
}

@InProceedings{CSST11,
    Title       =   {Two Provers in Isolation},
    Author      =   {Claude Cr\'{e}peau and Louis Salvail and Jean-Raymond Simard and Alain Tapp},
    Booktitle   =   asiacrypt11,
    Year        =   {2011},
    Pages       =   {407-430},
    Doi         =   {10.1007/978-3-642-25385-0\_22},
    ISBN        =   {http://id.crossref.org/isbn/978-3-642-25385-0},
    ISSN        =   {1611-3349},
    Journal     =   {Advances in Cryptology-ASIACRYPT 2011},
}

@InProceedings{CSSW06,
    Title       =   {Information-Theoretic Conditions for Two-Party Secure Function Evaluation},
    Author      =   {Claude Cr\'{e}peau and George Savvides and Christian Schaffner and J\"{u}rg Wullschleger},
    Booktitle   =   eurocrypt06,
    Year        =   {2006},
    Pages       =   {538--554},
    Doi         =   {10.1007/11761679\_32},
    ISBN        =   {978-3-540-34546-6},
    Url         =   {http://www.springerlink.com/content/54266002736m4703/ http://link.springer.com/10.1007/11761679\_32},
}

@Article{DKSW07,
    Title       =   {Reexamination of quantum bit commitment: The possible and the impossible},
    Author      =   {Giacomo Mauro D'Ariano and Dennis Kretschmann and Dirk Schlingemann and Reinhard F. Werner},
    Journal     =   phyra,
    Year        =   {2007},
    Number      =   {3},
    Pages       =   {032328},
    Volume      =   {76},
    Doi         =   {10.1103/physreva.76.032328},
    Publisher   =   {APS},
}

@Article{vD13,
    Title       =   {Implausible consequences of superstrong nonlocality},
    Author      =   {van Dam, Wim},
    Journal     =   nc,
    Year        =   {2013},
    Number      =   {1},
    Pages       =   {9-12},
    Volume      =   {12},
    Doi         =   {10.1007/s11047-012-9353-6},
    ISSN        =   {1567-7818},
}

@InProceedings{DDN15,
    Title       =   {On the Orthogonal Vector Problem and the Feasibility of Unconditionally Secure Leakage-Resilient Computation},
    Author      =   {Ivan Damg{\aa}rd and Fr{\'e}d{\'e}ric Dupuis and Jesper Buus Nielsen},
    Booktitle   =   itc,
    Year        =   {2015},
    Pages       =   {87--104},
    Doi         =   {10.1007/978-3-319-17470-9\_6},
    ISBN        =   {http://id.crossref.org/isbn/978-3-319-17470-9},
    ISSN        =   {1611-3349},
    Journal     =   {Information Theoretic Security},
}

@InProceedings{DFL+09,
    Title       =   {Improving the Security of Quantum Protocols via Commit-and-Open},
    Author      =   {Ivan Damg{\aa}rd and Serge Fehr and Carolin Lunemann and Louis Salvail and Christian Schaffner},
    Booktitle   =   crypto2009,
    Year        =   {2009},
    Pages       =   {408--427},
    Doi         =   {10.1007/978-3-642-03356-8\_24},
}

@InProceedings{DFS04,
    Title       =   {Zero-knowledge proofs and string commitments withstanding quantum attacks},
    Author      =   {Ivan Damg{\aa}rd and Serge Fehr and Louis Salvail},
    Booktitle   =   crypto2004,
    Year        =   {2004},
    Pages       =   {254--272},
}

@InProceedings{DFSS05,
    Title       =   {Cryptography In the Bounded Quantum-Storage Model},
    Author      =   {Ivan Damg{\aa}rd and Serge Fehr and Louis Salvail and Christian Schaffner},
    Booktitle   =   focs05,
    Year        =   {2005},
    Pages       =   {449--458},
    Doi         =   {10.1109/SFCS.2005.30},
}

@InProceedings{DFNS14,
    Title       =   {Superposition Attacks on Cryptographic Protocols},
    Author      =   {Ivan Damg{\aa}rd and Jakob Funder and Jesper Buus Nielsen and Louis Salvail},
    Booktitle   =   itc,
    Year        =   {2014},
    Pages       =   {142--161},
    Arxivid     =   {1108.6313},
    Doi         =   {10.1007/978-3-319-04268-8\_9},
    Eprint      =   {1108.6313},
    ISBN        =   {9783319042671},
    ISSN        =   {16113349},
}

@InProceedings{DPS05,
    Title       =   {A Quantum Cipher with Near Optimal Key-Recycling},
    Author      =   {Ivan Damg{\aa}rd and Thomas Brochmann Pedersen and Louis Salvail},
    Booktitle   =   crypto2005,
    Year        =   {2005},
    Pages       =   {494--510},
    Doi         =   {10.1007/11535218\_30},
}

@Article{DPS14,
    Title       =   {How to re-use a one-time pad safely and almost optimally even if {P} = {NP}},
    Author      =   {Ivan Damg{\aa}rd and Thomas Brochmann Pedersen and Louis Salvail},
    Journal     =   {Natural Computing},
    Year        =   {2014},
    Number      =   {4},
    Pages       =   {469--486},
    Volume      =   {13},
    Doi         =   {10.1007/s11047-014-9454-5},
    Url         =   {http://dx.doi.org/10.1007/s11047-014-9454-5},
}

@InProceedings{DFR+07,
    Title       =   {A Tight High-Order Entropic Quantum Uncertainty Relation with Applications},
    Author      =   {Ivan B. Damg{\aa}rd and Serge Fehr and Renato Renner and Louis Salvail and Christian Schaffner},
    Booktitle   =   crypto2007,
    Year        =   {2007},
    Pages       =   {360--378},
    Annote      =   {$\backslash$url\{http://arxiv.org/abs/quant-ph/0612014\}},
    Arxivid     =   {quant-ph/0612014},
    Doi         =   {10.1007/978-3-540-74143-5\_20},
    Eprint      =   {0612014},
    ISBN        =   {3540741429},
    ISSN        =   {0302-9743},
    Primaryclass=   {quant-ph},
}

@InProceedings{DFSS07,
    Title       =   {Secure Identification and {QKD} in the Bounded-Quantum-Storage Model},
    Author      =   {Ivan B. Damg{\aa}rd and Serge Fehr and Louis Salvail and Christian Schaffner},
    Booktitle   =   crypto2007,
    Year        =   {2007},
    Pages       =   {342--359},
    Volume      =   {4622},
    Arxivid     =   {0708.2557},
    Doi         =   {10.1007/978-3-540-74143-5\_19},
    Eprint      =   {0708.2557},
    ISBN        =   {978-3-540-74142-8},
    ISSN        =   {03029743},
}

@Article{DFSS08,
    Title       =   {Cryptography in the Bounded-Quantum-Storage Model},
    Author      =   {Ivan B. Damg{\aa}rd and Serge Fehr and Louis Salvail and Christian Schaffner},
    Journal     =   siamjc,
    Year        =   {2008},
    Number      =   {6},
    Pages       =   {1865--1890},
    Volume      =   {37},
    Arxivid     =   {0709.0289},
    Doi         =   {10.1137/060651343},
    Eprint      =   {0709.0289},
    ISSN        =   {0097-5397},
    Publisher   =   {SIAM},
}

@Article{Des09,
    Title       =   {Entropic Security in Quantum Cryptography},
    Author      =   {Simon Pierre Desrosiers},
    Journal     =   qip,
    Year        =   {2009},
    Number      =   {4},
    Pages       =   {331--345},
    Volume      =   {8},
    Acmid       =   {1555599},
    Address     =   {Hingham, MA, USA},
    Doi         =   {10.1007/s11128-009-0111-3},
    ISSN        =   {1570-0755},
    Numpages    =   {15},
    Publisher   =   {Kluwer Academic Publishers},
}

@Article{DD10,
    Title       =   {Quantum entropic security and approximate quantum encryption.},
    Author      =   {Simon Pierre Desrosiers and Fr\'{e}d\'{e}ric Dupuis},
    Journal     =   ieeetit,
    Year        =   {2010},
    Number      =   {7},
    Pages       =   {3455-3464},
    Volume      =   {56},
    Doi         =   {10.1109/TIT.2010.2048488},
    Keywords    =   {dblp},
}

@Article{DFPR14,
    Title       =   {Composable Security of Delegated Quantum Computation},
    Author      =   {Vedran Dunjko and Joseph F. Fitzsimons and Christopher Portmann and Renato Renner},
    Journal     =   asiacrypt14,
    Year        =   {2014},
    Pages       =   {406-425},
    Doi         =   {10.1007/978-3-662-45608-8\_22},
    ISBN        =   {http://id.crossref.org/isbn/978-3-662-45608-8},
    ISSN        =   {1611-3349},
}

@Article{DFW15,
    Title       =   {Entanglement Sampling and Applications},
    Author      =   {Frederic Dupuis and Omar Fawzi and Stephanie Wehner},
    Journal     =   ieeetit,
    Year        =   {2015},
    Number      =   {2},
    Pages       =   {1093--1112},
    Volume      =   {61},
    Annote      =   {$\backslash$url\{http://arxiv.org/abs/1305.1316\}},
    Arxivid     =   {arXiv:1305.1316v1},
    Doi         =   {10.1109/TIT.2014.2371464},
    Eprint      =   {arXiv:1305.1316v1},
    ISSN        =   {0018-9448},
    Publisher   =   {IEEE},
}

@InProceedings{DNS10,
    Title       =   {Secure Two-Party Quantum Evaluation of Unitaries against Specious Adversaries},
    Author      =   {Fr\'{e}d\'{e}ric Dupuis and Jesper Buus Nielsen and Louis Salvail},
    Booktitle   =   crypto2010,
    Year        =   {2010},
    Pages       =   {685--706},
    Doi         =   {10.1007/978-3-642-14623-7\_37},
}

@InProceedings{DNS12,
    Title       =   {Actively Secure Two-Party Evaluation of Any Quantum Operation},
    Author      =   {Fr\'{e}d\'{e}ric Dupuis and Jesper Buus Nielsen and Louis Salvail},
    Booktitle   =   crypto2012,
    Year        =   {2012},
    Pages       =   {794--811},
    Doi         =   {10.1007/978-3-642-32009-5\_46},
}

@InProceedings{DM04,
    Title       =   {On Generating the Initial Key in the Bounded-Storage Model},
    Author      =   {Stefan Dziembowski and Ueli Maurer},
    Booktitle   =   crypto2004,
    Year        =   {2004},
    Pages       =   {126--137},
    Doi         =   {10.1007/978-3-540-24676-3\_8},
    ISSN        =   {03029743},
}

@Article{DM08,
    Title       =   {The Bare Bounded-Storage Model: The Tight Bound on the Storage Requirement for Key Agreement},
    Author      =   {Stefan Dziembowski and Ueli Maurer},
    Journal     =   ieeetit,
    Year        =   {2008},
    Number      =   {6},
    Pages       =   {2790--2792},
    Volume      =   {54},
    Doi         =   {10.1109/TIT.2008.921864},
    ISSN        =   {0018-9448},
    Keywords    =   {Bounded-storage model (BSM),Cryptography,Information-theoretic security,Key agreement,Lower bounds},
    Publisher   =   {IEEE},
}

@Article{EPR35,
    Title       =   {Can Quantum-Mechanical Description of Physical Reality Be Considered Complete?},
    Author      =   {A. Einstein and B. Podolsky and N. Rosen},
    Journal     =   phyrevl,
    Year        =   {1935},
    Number      =   {10},
    Pages       =   {777-780},
    Volume      =   {47},
    Doi         =   {10.1103/physrev.47.777},
    Publisher   =   {APS},
}

@Article{EAM+05,
    Title       =   {Electromagnetically induced transparency with tunable single-photon pulses},
    Author      =   {M. D. Eisaman and A. Andr\'{e} and F. Massou and M. Fleischhauer and A. S. Zibrov and M. D. Lukin},
    Journal     =   nat,
    Year        =   {2005},
    Pages       =   {837-841},
    Volume      =   {438},
    Doi         =   {10.1038/nature04327},
    Publisher   =   {Nature Publishing Group},
}

@Article{Eke91,
    Title       =   {Quantum cryptography based on {B}ell's theorem},
    Author      =   {Artur K. Ekert},
    Journal     =   phyrevl,
    Year        =   {1991},
    Number      =   {6},
    Pages       =   {661--663},
    Volume      =   {67},
    Doi         =   {10.1103/PhysRevLett.67.661},
    Issue       =   {6},
    Numpages    =   {0},
    Publisher   =   {APS},
}

@Article{ENG+14,
    Title       =   {An experimental implementation of oblivious transfer in the noisy storage model.},
    Author      =   {C. Erven and N. Ng and N.Gigov and R.Laflamme and S. Wehner and G.Weihs},
    Journal     =   ncomms,
    Year        =   {2014},
    Pages       =   {3418},
    Volume      =   {5},
    Arxivid     =   {1308.5098},
    Comment     =   {not sure about volume and issue number},
    Doi         =   {10.1038/ncomms4418},
    Eprint      =   {1308.5098},
    ISBN        =   {9781557529435},
    ISSN        =   {2041-1723},
    Language    =   {en},
    Pmid        =   {24618984},
    Publisher   =   {Nature Publishing Group},
}

@Article{EGL85,
    Title       =   {A Randomized Protocol for Signing Contracts},
    Author      =   {Shimon Even and Oded Goldreich and Abraham Lempel},
    Journal     =   cacm,
    Year        =   {1985},
    Number      =   {6},
    Pages       =   {637--647},
    Volume      =   {28},
    Doi         =   {10.1145/3812.3818},
    Publisher   =   {ACM},
}

@Conference{FGH+12,
    Title       =   {Quantum money from knots},
    Author      =   {Edward Farhi and David Gosset and Avinatan Hassidim and Andrew Lutomirski and Peter W. Shor},
    Booktitle   =   itcs12,
    Year        =   {2012},
    Pages       =   {276--289},
    Doi         =   {10.1145/2090236.2090260},
}

@Article{FGH+10,
    Title       =   {Quantum State Restoration and Single-Copy Tomography for Ground States of Hamiltonians},
    Author      =   {Edward Farhi and David Gosset and Avinatan Hassidimand and Andrew Lutomirski and Daniel Nagaj and Peter Shor},
    Journal     =   phyrevl,
    Year        =   {2010},
    Number      =   {19},
    Pages       =   {190503},
    Volume      =   {105},
    Doi         =   {10.1103/physrevlett.105.190503},
    ISSN        =   {1079-7114},
    Publisher   =   {APS},
}

@Article{Feh10,
    Title       =   {Quantum Cryptography},
    Author      =   {Serge Fehr},
    Journal     =   fp,
    Year        =   {2010},
    Number      =   {5},
    Pages       =   {494-531},
    Volume      =   {40},
    Doi         =   {10.1007/s10701-010-9408-4},
    ISSN        =   {1572-9516},
}

@Conference{FF15,
    Title       =   {Multi-prover Commitments Against Non-signaling Attacks},
    Author      =   {Serge Fehr and Max Fillinger},
    Booktitle   =   crypto2015,
    Year        =   {2015},
    Pages       =   {403-421},
    Doi         =   {10.1007/978-3-662-48000-7\_20},
    ISBN        =   {http://id.crossref.org/isbn/978-3-662-48000-7},
    ISSN        =   {1611-3349},
    Journal     =   {Advances in Cryptology -- CRYPTO 2015},
}

@Article{FGS13,
    Title       =   {Security and composability of randomness expansion from {B}ell inequalities},
    Author      =   {Serge Fehr and Ran Gelles and Christian Schaffner},
    Journal     =   phyra,
    Year        =   {2013},
    Number      =   {1},
    Pages       =   {012335},
    Volume      =   {87},
    Doi         =   {10.1103/physreva.87.012335},
    Publisher   =   {APS},
}

@InProceedings{FKS+13,
    Title       =   {Feasibility and Completeness of Cryptographic Tasks in the Quantum World},
    Author      =   {Serge Fehr and Jonathan Katz and Fang Song and Hong{-}Sheng Zhou and Vassilis Zikas},
    Booktitle   =   tcryp,
    Year        =   {2013},
    Pages       =   {281--296},
    Doi         =   {10.1007/978-3-642-36594-2\_16},
}

@InProceedings{FS09,
    Title       =   {Composing Quantum Protocols in a Classical Environment},
    Author      =   {Serge Fehr and Christian Schaffner},
    Booktitle   =   tcryp,
    Year        =   {2009},
    Pages       =   {350--367},
    Arxivid     =   {0804.1059},
    Doi         =   {10.1007/978-3-642-00457-5\_21},
    Eprint      =   {0804.1059},
    ISBN        =   {3642004563},
    ISSN        =   {03029743},
}

@Article{FBS+14,
    Title       =   {Quantum computing on encrypted data},
    Author      =   {K. A. G. Fisher and A. Broadbent and L. K. Shalm and Z. Yan and J. Lavoie and R. Prevedel and T. Jennewein and K. J. Resch},
    Journal     =   ncomms,
    Year        =   {2014},
    Pages       =   {3074},
    Volume      =   {5},
    Doi         =   {10.1038/ncomms4074},
    ISSN        =   {2041-1723},
    Publisher   =   {Nature Publishing Group},
}

@Misc{FK12arxiv,
    Title       =   {Unconditionally verifiable blind computation},
    Author      =   {Joseph F. Fitzsimons and Elham Kashefi},
    Year        =   {2012},
    Arxivid     =   {1203.5217},
    Eprint      =   {1203.5217},
    Pages       =   {46},
    Url         =   {http://arxiv.org/abs/1203.5217},
}

@Article{FG99,
    Title       =   {Cryptographic distinguishability measures for quantum-mechanical states},
    Author      =   {Christopher A. Fuchs and Jeroen Van de Graaf},
    Journal     =   ieeetit,
    Year        =   {1999},
    Number      =   {4},
    Pages       =   {1216--1227},
    Volume      =   {45},
    Arxivid     =   {arXiv:quant-ph/9712042v2},
    Doi         =   {10.1109/18.761271},
    Eprint      =   {9712042v2},
    ISSN        =   {00189448},
    Primaryclass=   {arXiv:quant-ph},
    Publisher   =   {IEEE},
}

@InProceedings{GGH+13,
    Title       =   {Candidate indistinguishability obfuscation and functional encryption for all circuits},
    Author      =   {Shelly Garg and Craig Gentry and Shai Halevi and Mariana Raykova and Anant Sahai and Brent Waters},
    Booktitle   =   focs13,
    Year        =   {2013},
    Pages       =   {40-49},
    Doi         =   {10.1109/FOCS.2013.13},
}

@InProceedings{Gav12,
    Title       =   {Quantum Money with Classical Verification},
    Author      =   {Dmitry Gavinsky},
    Booktitle   =   ccc12,
    Year        =   {2012},
    Pages       =   {42--52},
    Doi         =   {10.1109/CCC.2012.10},
}

@InProceedings{Gen09,
    Title       =   {Fully homomorphic encryption using ideal lattices},
    Author      =   {Craig Gentry},
    Booktitle   =   stoc09,
    Year        =   {2009},
    Pages       =   {169--178},
    Doi         =   {10.1145/1536414.1536440},
}

@Article{GKW15,
    Title       =   {Robustness and device independence of verifiable blind quantum computing},
    Author      =   {Alexandru Gheorghiu and Elham Kashefi and Petros Wallden},
    Journal     =   njp,
    Year        =   {2015},
    Number      =   {8},
    Pages       =   {083040},
    Volume      =   {17},
    Doi         =   {10.1088/1367-2630/17/8/083040},
}

@Article{GKW15b,
    Title       =   {Robustness and device independence of verifiable blind quantum computing},
    Author      =   {Alexandru Gheorghiu and Elham Kashefi and Petros Wallden},
    Journal     =   njp,
    Year        =   {2015},
    Number      =   {8},
    Pages       =   {083040},
    Volume      =   {17},
    Doi         =   {10.1088/1367-2630/17/8/083040},
}

@Article{GLM08,
    Title       =   {Quantum Private Queries},
    Author      =   {Vittorio Giovannetti and Seth Lloyd and Lorenzo Maccone},
    Journal     =   phyrevl,
    Year        =   {2008},
    Number      =   {23},
    Pages       =   {230502},
    Volume      =   {100},
    Doi         =   {10.1103/physrevlett.100.230502},
    Publisher   =   {APS},
}

@Article{GLM10,
    Title       =   {Quantum Private Queries: Security Analysis},
    Author      =   {Vittorio Giovannetti and Seth Lloyd and Lorenzo Maccone},
    Journal     =   ieeetit,
    Year        =   {2010},
    Number      =   {7},
    Pages       =   {3465-3477},
    Volume      =   {56},
    Doi         =   {10.1109/tit.2010.2048446},
    Publisher   =   {IEEE},
}

@Article{GRTZ02,
    Title       =   {Quantum cryptography},
    Author      =   {Nicolas Gisin and Gr\'{e}goire Ribordy and Wolfgang Tittel and Hugo Zbinden},
    Journal     =   rmp,
    Year        =   {2002},
    Number      =   {1},
    Pages       =   {145--195},
    Volume      =   {74},
    Doi         =   {10.1103/revmodphys.74.145},
    Publisher   =   {APS},
}

@Misc{Gol02,
    Title       =   {Zero-Knowledge twenty years after its invention},
    Author      =   {Oded Goldreich},
    Year        =   {2002},
    Institution =   {Weizmann Institute of Science},
    Url         =   {www.wisdom.weizmann.ac.il/~oded/PSX/zk-tut02v3.pdf},
}

@Article{GMW91,
    Title       =   {Proofs that Yield Nothing But Their Validity or All Languages in {NP} Have Zero-Knowledge Proof Systems},
    Author      =   {Oded Goldreich and Silvio Micali and Avi Wigderson},
    Journal     =   jacm,
    Year        =   {1991},
    Number      =   {3},
    Pages       =   {690--728},
    Volume      =   {38},
    Doi         =   {10.1145/116825.116852},
}

@Article{GM84,
    Title       =   {Probabilistic encryption},
    Author      =   {Shafi Goldwasser and Silvio Micali},
    Journal     =   jcss,
    Year        =   {1984},
    Number      =   {2},
    Pages       =   {270--299},
    Volume      =   {28},
    Doi         =   {10.1016/0022-0000(84)90070-9},
}

@Article{GMR89,
    Title       =   {The Knowledge Complexity of Interactive Proof Systems},
    Author      =   {Shafi Goldwasser and Silvio Micali and Charles Rackoff},
    Journal     =   siamjc,
    Year        =   {1989},
    Number      =   {1},
    Pages       =   {186-208},
    Volume      =   {18},
    Doi         =   {10.1137/0218012},
    ISSN        =   {1095-7111},
    Publisher   =   {Society for Industrial \& Applied Mathematics (SIAM)},
}

@InProceedings{Got98,
    Title       =   {The {H}eisenberg representation of quantum computers},
    Author      =   {Gottesman, Daniel},
    Booktitle   =   group22,
    Year        =   {1998},
    Pages       =   {32-43},
    Arxivid     =   {quant-ph/9807006},
}

@Article{GC99,
    Title       =   {Demonstrating the viability of universal quantum computation using teleportation and single-qubit operations},
    Author      =   {Gottesman, Daniel and Chuang, Isaac L},
    Year        =   {1999},
    Journal     =   nat,
    Volume      =   {402},
    Pages       =   {390--393},
    DOI         =   {10.1038/46503},
}

@PhdThesis{Gra97,
    Title       =   {Towards a formal definition of security for quantum protocols},
    Author      =   {Jeroen van de Graaf},
    School      =   {Universit\'e de Montr\'eal},
    Year        =   {1997},
    Comment     =   {No DOI no arxiv},
    Url         =   {http://www.collectionscanada.gc.ca/obj/s4/f2/dsk2/ftp03/NQ35648.pdf},
}

@InProceedings{Gro96,
    Title       =   {A fast quantum mechanical algorithm for database search},
    Author      =   {Lov K. Grover},
    Booktitle   =   stoc96,
    Year        =   {1996},
    Pages       =   {212--219},
    Arxivid     =   {quant-ph/9607024},
    Doi         =   {10.1145/237814.237866},
    Eprint      =   {9607024},
    ISBN        =   {0897917855},
    ISSN        =   {07349025},
    Primaryclass=   {quant-ph},
}

@InProceedings{HRW10,
    Title       =   {Efficient Device-Independent Quantum Key Distribution},
    Author      =   {Esther H{\"{a}}nggi and Renato Renner and Stefan Wolf},
    Booktitle   =   eurocrypt10,
    Year        =   {2010},
    Pages       =   {216--234},
    Volume      =   {6110},
    Doi         =   {10.1007/978-3-642-13190-5\_11},
}

@InProceedings{HW11,
    Title       =   {Tight Bounds for Classical and Quantum Coin Flipping},
    Author      =   {Esther H\"{a}nggi and J\"{u}rg Wullschleger},
    Booktitle   =   tcryp,
    Year        =   {2011},
    Pages       =   {468-485},
    Doi         =   {10.1007/978-3-642-19571-6\_28},
}

@Misc{HPF15arxiv,
    Title       =   {Device-Independent Verifiable Blind Quantum Computation},
    Author      =   {Hajdu{\v{s}}ek, Michal and P{\'e}rez{-}Delgado, Carlos A. and Fitzsimons, Joseph F.},
    Year        =   {2015},
    Arxivid     =   {1502.02563},
    Eprint      =   {1502.02563},
    Pages       =   {7},
    Url         =   {http://arxiv.org/abs/1502.02563},
}

@InProceedings{Hal05,
    Title       =   {Fast Quantum Algorithms for Computing the Unit Group and Class Group of a Number Field},
    Author      =   {Hallgren, Sean},
    Booktitle   =   stoc05,
    Year        =   {2005},
    Pages       =   {468--474},
    Doi         =   {10.1145/1060590.1060660},
}

@Article{Hal07,
    Title       =   {Polynomial-time Quantum Algorithms for {P}ell's Equation and the Principal Ideal Problem},
    Author      =   {Hallgren, Sean},
    Journal     =   jacm,
    Year        =   {2007},
    Number      =   {1},
    Pages       =   {4:1--4:19},
    Volume      =   {54},
}

@Conference{Hallgren2011,
    Title       =   {Classical Cryptographic Protocols in a Quantum World},
    Author      =   {Sean Hallgren and Adam Smith and Fang Song},
    Booktitle   =   crypto2011,
    Year        =   {2011},
    Pages       =   {411-428},
    Doi         =   {10.1007/978-3-642-22792-9\_23},
    ISBN        =   {http://id.crossref.org/isbn/978-3-642-22792-9},
    ISSN        =   {1611-3349},
}

@InProceedings{HSS11,
    Title       =   {Classical Cryptographic Protocols in a Quantum World},
    Author      =   {Sean Hallgren and Adam Smith and Fang Song},
    Booktitle   =   {Advances in Cryptology---CRYPTO 2011},
    Year        =   {2011},
    Pages       =   {411--428},
    Doi         =   {10.1007/978-3-642-22792-9\_23},
    ISBN        =   {http://id.crossref.org/isbn/978-3-642-22792-9},
    ISSN        =   {1611-3349},
    Journal     =   {Lecture Notes in Computer Science},
}

@Article{HK04,
    Title       =   {Cheat Sensitive Quantum Bit Commitment},
    Author      =   {Lucien Hardy and Adrian Kent},
    Journal     =   phyrevl,
    Year        =   {2004},
    Number      =   {15},
    Pages       =   {157901},
    Volume      =   {92},
    Doi         =   {10.1103/physrevlett.92.157901},
    ISSN        =   {1079-7114},
    Publisher   =   {APS},
}

@Article{HT12,
    Title       =   {Concise and tight security analysis of the {B}ennett-{B}rassard 1984 protocol with finite key lengths},
    Author      =   {Masahito Hayashi and Toyohiro Tsurumaru},
    Journal     =   njp,
    Year        =   {2012},
    Number      =   {9},
    Pages       =   {093014},
    Volume      =   {14},
    Doi         =   {10.1088/1367-2630/14/9/093014},
    Publisher   =   {IOP Publishing},
}

@Article{HLSW04,
    Title       =   {Randomizing quantum states: Constructions and applications},
    Author      =   {Patrick Hayden and Debbie Leung and Peter W. Shor and Andreas Winter},
    Journal     =   cmp,
    Year        =   {2004},
    Number      =   {2},
    Pages       =   {371--391},
    Volume      =   {250},
    Doi         =   {10.1007/s00220-004-1087-6},
}

@Article{Hei27,
    Title       =   {Schwankungserscheinungen und Quantenmechanik},
    Author      =   {Werner Heisenberg},
    Journal     =   zfp,
    Year        =   {1927},
    Number      =   {7},
    Pages       =   {501--506},
    Volume      =   {40},
    Doi         =   {10.1007/BF01440827},
    ISSN        =   {14346001},
}

@InProceedings{HMU06,
    Title       =   {On the (Im-)Possibility of Extending Coin Toss},
    Author      =   {Dennis Hofheinz and J\"{o}rn M\"{u}ller{-}Quade and Dominique Unruh},
    Booktitle   =   eurocrypt06,
    Year        =   {2006},
    Pages       =   {504-521},
    Doi         =   {10.1007/11761679\_30},
}

@Article{JSG+11,
    Title       =   {Practical private database queries based on a quantum-key-distribution protocol},
    Author      =   {Markus Jakobi and Christoph Simon and Nicolas Gisin and Jean-Daniel Bancal and Cyril Branciard and Nino Walenta and Hugo Zbinden},
    Journal     =   phyra,
    Year        =   {2011},
    Number      =   {2},
    Pages       =   {022301},
    Volume      =   {83},
    Doi         =   {10.1103/physreva.83.022301},
    Publisher   =   {APS},
}

@Article{KW09,
    Title       =   {A Strong Converse for Classical Channel Coding Using Entangled Inputs},
    Author      =   {Robert K\"{o}nig and Stephanie Wehner},
    Journal     =   phyrevl,
    Year        =   {2009},
    Number      =   {7},
    Pages       =   {070504},
    Volume      =   {103},
    Doi         =   {10.1103/physrevlett.103.070504},
    Publisher   =   {APS},
}

@Article{KWW12,
    Title       =   {Unconditional security from noisy quantum storage},
    Author      =   {Robert K\"{o}nig and Stephanie Wehner and J\"{u}rg Wullschleger},
    Journal     =   ieeetit,
    Year        =   {2012},
    Number      =   {3},
    Pages       =   {1962--1984},
    Volume      =   {58},
    Annote      =   {checked},
    Arxivid     =   {0906.1030},
    Doi         =   {10.1109/TIT.2011.2177772},
    Eprint      =   {0906.1030},
    ISSN        =   {00189448},
    Keywords    =   {Cryptography,quantum computing},
    Publisher   =   {IEEE},
}

@InProceedings{KRR14,
    Title       =   {How to delegate computations: The power of no-signaling proofs},
    Author      =   {Yael Tauman Kalai and Ran Raz and Ron D. Rothblum},
    Booktitle   =   stoc14,
    Year        =   {2014},
    Pages       =   {485--494},
    Doi         =   {10.1145/2591796.2591809},
}

@InProceedings{KDK15,
    Title       =   {On optimising quantum communications in verifiable quantum computing},
    Author      =   {Theodoros Kapourniotis and Vedran Dunjko and Elham Kashefi},
    Booktitle   =   aqis15,
    Year        =   {2015},
    Pages       =   {23--25},
}

@Book{KL07,
    Title       =   {Introduction to Modern Cryptography (Chapman \& Hall/Crc Cryptography and Network Security Series)},
    Author      =   {Jonathan Katz and Yehuda Lindell},
    Publisher   =   {Chapman \& Hall/CRC},
    Year        =   {2007},
    ISBN        =   {1584885513},
}

@Book{KLM07,
    Title       =   {An introduction to quantum computing},
    Author      =   {Phillip Kaye and Raymond Laflamme and Michele Mosca},
    Publisher   =   {Oxford},
    Year        =   {2007},
    Comment     =   {more details},
}

@Article{Ken99,
    Title       =   {Unconditionally Secure Bit Commitment},
    Author      =   {Adrian Kent},
    Journal     =   phyrevl,
    Year        =   {1999},
    Number      =   {7},
    Pages       =   {1447--1450},
    Volume      =   {83},
    Doi         =   {10.1103/PhysRevLett.83.1447},
    ISSN        =   {0031-9007},
    Publisher   =   {APS},
}

@Misc{KMSB06,
    Title       =   {Tagging systems},
    Author      =   {Adrian Kent and William Munro and Tomothy Spiller and Raymond Beausoleil},
    Note        =   {US patent US 10/903,220},
    Year        =   {2006},
    Comment     =   {NOR FOUND},
    Url         =   {https://www.google.com/patents/US20060022832},
}

@Article{KMS11,
    Title       =   {Quantum tagging: Authenticating location via quantum information and relativistic signaling constraints},
    Author      =   {Adrian Kent and William J. Munro and Timothy P. Spiller},
    Journal     =   phyra,
    Year        =   {2011},
    Number      =   {1},
    Pages       =   {012326},
    Volume      =   {84},
    Arxivid     =   {1008.2147},
    Doi         =   {10.1103/PhysRevA.84.012326},
    Eprint      =   {1008.2147},
    ISSN        =   {10502947},
    Publisher   =   {APS},
}

@InProceedings{Kil88,
    Title       =   {Founding cryptography on oblivious transfer},
    Author      =   {Joe Kilian},
    Booktitle   =   stoc88,
    Year        =   {1988},
    Pages       =   {20--31},
    Doi         =   {10.1145/62212.62215},
}

@Article{Kin03,
    Title       =   {The capacity of the quantum depolarizing channel},
    Author      =   {Christopher King},
    Journal     =   ieeetit,
    Year        =   {2003},
    Number      =   {1},
    Pages       =   {221--229},
    Volume      =   {49},
    Doi         =   {10.1109/tit.2002.806153},
}

@Misc{Kit03,
    Title       =   {Quantum Coin Flipping},
    Author      =   {Alexei Kitaev},
    Note        =   {Talk at the 6th workshop on Quantum Information Processing - QIP 2003},
    Comment     =   {not found},
}

@InProceedings{KP14,
    Title       =   {New Bounds for the Garden-Hose Model},
    Author      =   {Hartmut Klauck and Supartha Podder},
    Booktitle   =   fsttcs14,
    Year        =   {2014},
    Pages       =   {481--492},
    Doi         =   {10.4230/LIPIcs.FSTTCS.2014.481},
}

@Article{KLM01,
    Title       =   {A scheme for efficient quantum computation with linear optics},
    Author      =   {E. Knill and R. Laflamme and G. J. Milburn},
    Journal     =   nat,
    Year        =   {2001},
    Pages       =   {46-52},
    Volume      =   {409},
    Doi         =   {10.1038/35051009},
    Publisher   =   {Nature Publishing Group},
}

@Article{Koa09,
    Title       =   {Simple security proof of quantum key distribution based on complementarity},
    Author      =   {M Koashi},
    Journal     =   njp,
    Year        =   {2009},
    Number      =   {4},
    Pages       =   {045018},
    Volume      =   {11},
    Url         =   {http://stacks.iop.org/1367-2630/11/i=4/a=045018},
}

@InProceedings{KM10,
    Title       =   {Quantum distinguisher between the 3-round {{F}}eistel cipher and the random permutation},
    Author      =   {Hidenori Kuwakado and Masakatu Morii},
    Booktitle   =   isit10,
    Year        =   {2010},
    Pages       =   {2682-2685},
    Doi         =   {10.1109/isit.2010.5513654},
}

@InProceedings{LMvdP13,
    Title       =   {Solving the Shortest Vector Problem in Lattices Faster Using Quantum Search},
    Author      =   {Laarhoven, Thijs and Mosca, Michele and van de Pol, Joop},
    Booktitle   =   pqcrypto13,
    Year        =   {2013},
    Pages       =   {83-101},
    Doi         =   {10.1007/978-3-642-38616-9\_6},
}

@Misc{LRR14arxiv,
    Title       =   {Classical leakage resilience from fault-tolerant quantum computation},
    Author      =   {Felipe G. Lacerda and Joseph M. Renes and Renato Renner},
    Year        =   {2014},
    Arxivid     =   {1404.7516},
    Comment     =   {To appear in Journal of Cryptology},
}

@Article{LL11,
    Title       =   {Insecurity of position-based quantum-cryptography protocols against entanglement attacks},
    Author      =   {Hoi-Kwan Lau and Hoi-Kwong Lo},
    Journal     =   phyra,
    Year        =   {2011},
    Number      =   {1},
    Pages       =   {012322},
    Volume      =   {83},
    Doi         =   {10.1103/PhysRevA.83.012322},
    Numpages    =   {12},
    Publisher   =   {APS},
}

@Article{Leu02,
    Title       =   {Quantum {V}ernam Cipher},
    Author      =   {Debbie W. Leung},
    Journal     =   qic,
    Year        =   {2002},
    Number      =   {1},
    Pages       =   {14-34},
    Volume      =   {2},
    Url         =   {arXiv:quant-ph/0012077},
}

@InProceedings{Liu14a,
    Title       =   {Building one-time memories from isolated qubits},
    Author      =   {Yi-Kai Liu},
    Booktitle   =   itcs14,
    Year        =   {2014},
    Pages       =   {269--286},
    Arxivid     =   {1304.5007v2},
    Doi         =   {10.1145/2554797.2554823},
    Eprint      =   {1304.5007v2},
    ISBN        =   {9781450326988},
}

@InProceedings{Liu14b,
    Title       =   {Single-Shot Security for One-Time Memories in the Isolated Qubits Model},
    Author      =   {Yi-Kai Liu},
    Booktitle   =   crypto2014,
    Year        =   {2014},
    Pages       =   {19--36},
    Arxivid     =   {1402.0049},
    Doi         =   {10.1007/978-3-662-44381-1\_2},
    Eprint      =   {1402.0049},
    ISBN        =   {9783662443804},
    ISSN        =   {16113349},
    Keywords    =   {Quantum cryptography,information theory,local operations and classical communication (LOCC,oblivious transfer,one-time programs},
}

@InProceedings{Liu15,
    Title       =   {Privacy Amplification in the Isolated Qubits Model},
    Author      =   {Yi-Kai Liu},
    Booktitle   =   eurocrypt15,
    Year        =   {2015},
    Pages       =   {785--814},
    Arxivid     =   {1410.3918},
    Doi         =   {10.1007/978-3-662-46803-6\_26},
    Eprint      =   {1410.3918},
    ISBN        =   {978-3-662-46802-9},
}

@Article{Lo97,
    Title       =   {Insecurity of quantum secure computations},
    Author      =   {Hoi-Kwong Lo},
    Journal     =   phyra,
    Year        =   {1997},
    Number      =   {2},
    Pages       =   {1154-1162},
    Volume      =   {56},
    Doi         =   {10.1103/PhysRevA.56.1154},
    Issue       =   {2},
    Numpages    =   {0},
    Publisher   =   {APS},
}

@Article{LC98,
    Title       =   {Why quantum bit commitment and ideal quantum coin tossing are impossible },
    Author      =   {Hoi-Kwong Lo and H.F. Chau},
    Journal     =   pnp,
    Year        =   {1998},
    Number      =   {1-2},
    Pages       =   {177 - 187},
    Volume      =   {120},
    Doi         =   {10.1016/S0167-2789(98)00053-0},
    ISSN        =   {0167-2789},
}

@Article{LC97,
    Title       =   {Is Quantum Bit Commitment Really Possible?},
    Author      =   {Hoi-Kwong Lo and H .F. Chau},
    Journal     =   phyrevl,
    Year        =   {1997},
    Number      =   {17},
    Pages       =   {3410-3413},
    Volume      =   {78},
    Arxivid     =   {quant-ph/9711040},
    Doi         =   {10.1103/PhysRevLett.78.3410},
    Eprint      =   {9711040},
    ISSN        =   {0031-9007},
    Primaryclass=   {quant-ph},
}

@Article{LC99,
    Title       =   {Unconditional security of quantum key distribution over arbitrarily long distances},
    Author      =   {Hoi-Kwong Lo and Hoi Fung Chau},
    Journal     =   sci,
    Year        =   {1999},
    Number      =   {5410},
    Pages       =   {2050--2056},
    Volume      =   {283},
    Doi         =   {10.1126/science.283.5410.2050},
    Publisher   =   {American Association for the Advancement of Science},
}

@Article{lo2014,
    Title       =   {Secure quantum key distribution},
    Author      =   {Hoi-Kwong Lo and Marcos Curty and Kiyoshi Tamaki},
    Journal     =   natp,
    Year        =   {2014},
    Pages       =   {595-604},
    Volume      =   {8},
    Comment     =   {missing issue},
    Doi         =   {10.1038/nphoton.2014.149},
}

@Article{LKB+13,
    Title       =   {Experimental Bit Commitment Based on Quantum Communication and Special Relativity},
    Author      =   {T. Lunghi and J. Kaniewski and F. Bussi{\`{e}}res and R. Houlmann and M. Tomamichel and A. Kent and N. Gisin and S. Wehner and H. Zbinden},
    Journal     =   phyrevl,
    Year        =   {2013},
    Number      =   {18},
    Pages       =   {180504},
    Volume      =   {111},
    Doi         =   {10.1103/physrevlett.111.180504},
    Publisher   =   {APS},
}

@Article{LKB+15,
    Title       =   {Practical Relativistic Bit Commitment},
    Author      =   {T. Lunghi and J. Kaniewski and F. Bussi\`eres and R. Houlmann and M. Tomamichel and S. Wehner and H. Zbinden},
    Journal     =   phyrevl,
    Year        =   {2015},
    Number      =   {03},
    Pages       =   {030502},
    Volume      =   {115},
    Doi         =   {10.1103/PhysRevLett.115.030502},
    Issue       =   {3},
    Numpages    =   {5},
    Publisher   =   {APS},
}

@Article{LWW+10,
    Title       =   {Hacking commercial quantum cryptography systems by tailored bright illumination},
    Author      =   {Lars Lydersen and Carlos Wiechers and Christoffer Wittmann and Dominique Elser and Johannes Skaar and Vadim Makarov},
    Journal     =   natp,
    Year        =   {2010},
    Pages       =   {696-689},
    Volume      =   {4},
    Doi         =   {10.1038/nphoton.2010.214},
}

@Article{Mul06,
    Title       =   {Quantum cryptography beyond key exchange},
    Author      =   {M{\"{u}}ller{-}Quade, J\"{o}rn},
    Journal     =   inffe,
    Year        =   {2006},
    Number      =   {1},
    Pages       =   {39-54},
    Volume      =   {21},
    Doi         =   {10.1007/s00450-006-0011-z},
    Publisher   =   {Springer},
}

@Article{MU88,
    Title       =   {Generalized entropic uncertainty relations},
    Author      =   {Hans Maassen and J. B M Uffink},
    Journal     =   phyrevl,
    Year        =   {1988},
    Number      =   {12},
    Pages       =   {1103-1106},
    Volume      =   {60},
    Doi         =   {10.1103/PhysRevLett.60.1103},
    ISSN        =   {0031-9007},
}

@InProceedings{MMMO06,
    Title       =   {Self-testing of Quantum Circuits},
    Author      =   {Fr{\'e}d{\'e}ric Magniez and Mayers Dominic and Michele Mosca and Harold Ollivier},
    Booktitle   =   {Automata, Languages and Progamming},
    Year        =   {2006},
    Pages       =   {72--83},
    Doi         =   {10.1007/11786986\_8},
    ISBN        =   {http://id.crossref.org/isbn/978-3-540-35905-0},
    ISSN        =   {1611-3349},
    Journal     =   {Lecture Notes in Computer Science},
}

@InProceedings{MPR10,
    Title       =   {A Zero-One Law for Cryptographic Complexity with Respect to Computational {UC} Security},
    Author      =   {Hemanta K. Maji and Manoj Prabhakaran and Mike Rosulek},
    Booktitle   =   crypto2010,
    Year        =   {2010},
    Pages       =   {595--612},
    Doi         =   {10.1007/978-3-642-14623-7\_32},
}

@Article{Mal10a,
    Title       =   {Location-Dependent Communications using Quantum Entanglement},
    Author      =   {Robert A. Malaney},
    Journal     =   phyra,
    Year        =   {2010},
    Number      =   {4},
    Pages       =   {042319},
    Volume      =   {81},
    Doi         =   {10.1103/PhysRevA.81.042319},
}

@InProceedings{Mal10b,
    Title       =   {Quantum Location Verification in Noisy Channels},
    Author      =   {Robert A. Malaney},
    Booktitle   =   {Proceedings of the Global Communications Conference---GLOBECOM 2010},
    Year        =   {2010},
    Pages       =   {1--6},
    Publisher   =   {IEEE},
    Doi         =   {10.1109/GLOCOM.2010.5684009},
}

@Book{dMM03,
    Title       =   {Experimental Quantum Computation and Information},
    Author      =   {F. de Martini and C. Monroe},
    Publisher   =   {IOS Press},
    Year        =   {2003},
    Series      =   {International School of Physics Enrico Fermi},
    ISBN        =   {9781614990048},
    Url         =   {https://books.google.ca/books?id=7xrvAgAAQBAJ},
}

@Article{MPA11,
    Title       =   {Secure device-independent quantum key distribution with causally independent measurement devices},
    Author      =   {Lluis Masanes and Stefano Pironio and Antonio Acin},
    Journal     =   ncomms,
    Year        =   {2011},
    Pages       =   {238},
    Volume      =   {2},
    Annote      =   {10.1038/ncomms1244},
    Date        =   {2011/03/15/online},
    Day         =   {15},
    Doi         =   {10.1038/ncomms1244},
    Publisher   =   {Nature Publishing Group, a division of Macmillan Publishers Limited. All Rights Reserved.},
}

@InProceedings{Mau92,
    Title       =   {Protocols for Secret Key Agreement by Public Discussion Based on Common Information},
    Author      =   {Ueli M. Maurer},
    Booktitle   =   crypto1992,
    Year        =   {1992},
    Pages       =   {461--470},
    Doi         =   {10.1007/3-540-48071-4\_32},
}

@Misc{May96,
    Title       =   {The Trouble with Quantum Bit Commitment},
    Author      =   {Dominic Mayers},
    Year        =   {1996},
    Arxivid     =   {quant-ph/9603015},
    Eprint      =   {9603015},
    Primaryclass=   {quant-ph},
    Url         =   {http://arxiv.org/abs/quant-ph/9603015},
}

@InProceedings{May96b,
    Title       =   {Quantum Key Distribution and String Oblivious Transfer in Noisy Channels},
    Author      =   {Dominic Mayers},
    Booktitle   =   crypto1996,
    Year        =   {1996},
    Pages       =   {343--357},
    Doi         =   {10.1007/3-540-68697-5\_26},
}

@Article{May97,
    Title       =   {Unconditionally Secure Quantum Bit Commitment is Impossible},
    Author      =   {Dominic Mayers},
    Journal     =   phyrevl,
    Year        =   {1997},
    Number      =   {17},
    Pages       =   {3414--3417},
    Volume      =   {78},
    Arxivid     =   {quant-ph/9605044},
    Doi         =   {10.1103/PhysRevLett.78.3414},
    Eprint      =   {9605044},
    ISSN        =   {0031-9007},
    Primaryclass=   {quant-ph},
}

@Article{May01,
    Title       =   {Unconditional security in quantum cryptography},
    Author      =   {Dominic Mayers},
    Journal     =   jacm,
    Year        =   {2001},
    Number      =   {3},
    Pages       =   {351--406},
    Volume      =   {48},
    Doi         =   {10.1145/382780.382781},
    Publisher   =   {ACM},
}

@Conference{MS94,
    Title       =   {Quantum oblivious transfer is secure against all individual measurements},
    Author      =   {Dominique Mayers and Louis Salvail},
    Booktitle   =   {Workshop on Physics and Computation. PhysComp 1994},
    Year        =   {1994},
    Pages       =   {69--77},
    Doi         =   {10.1109/PHYCMP.1994.363696},
    ISBN        =   {0-8186-6715-X},
}

@InProceedings{MY98,
    Title       =   {Quantum Cryptography with Imperfect Apparatus},
    Author      =   {Dominic Mayers and Andrew Yao},
    Booktitle   =   focs98,
    Year        =   {1998},
    Pages       =   {503--509},
    Doi         =   {10.1109/SFCS.1998.743501},
}

@Article{MY04,
    Title       =   {Self Testing Quantum Apparatus},
    Author      =   {Dominic Mayers and Andrew Yao},
    Journal     =   qic,
    Year        =   {2004},
    Number      =   {4},
    Pages       =   {273--286},
    Volume      =   {4},
    Acmid       =   {2011830},
    Address     =   {Paramus, NJ},
    Comment     =   {no DOI but arxiv},
    ISSN        =   {1533-7146},
    Numpages    =   {14},
    Publisher   =   {Rinton Press, Incorporated},
    Url         =   {http://dl.acm.org/citation.cfm?id=2011827.2011830},
}

@Article{MYS12,
    Title       =   {Robust self-testing of the singlet},
    Author      =   {M. McKague and T. H. Yang and V. Scarani},
    Journal     =   jphysa,
    Year        =   {2012},
    Number      =   {45},
    Pages       =   {455304},
    Volume      =   {45},
    Comment     =   {write just Journal physics},
    Doi         =   {10.1088/1751-8113/45/45/455304},
    ISSN        =   {1751-8121},
    Publisher   =   {IOP Publishing},
}

@Article{Mer78,
    Title       =   {Secure communications over insecure channels},
    Author      =   {Ralph C. Merkle},
    Journal     =   cacm,
    Year        =   {1978},
    Number      =   {4},
    Pages       =   {294--299},
    Volume      =   {21},
    Doi         =   {10.1145/359460.359473},
    Publisher   =   {ACM},
}

@Book{Mer07,
    Title       =   {Quantum computer science: {A}n introduction},
    Author      =   {Nathaniel David Mermin},
    Publisher   =   {Cambridge University Press},
    Year        =   {2007},
}

@Conference{MS13,
    Title       =   {Optimal Robust Self-Testing by Binary Nonlocal {XOR} Games},
    Author      =   {Carl A. Miller and Yaoyun Shi},
    Booktitle   =   tqc13,
    Year        =   {2013},
    Pages       =   {254--262},
    Doi         =   {10.4230/LIPIcs.TQC.2013.254},
}

@InProceedings{MS14,
    Title       =   {Robust protocols for securely expanding randomness and distributing keys using untrusted quantum devices},
    Author      =   {Carl A. Miller and Yaoyun Shi},
    Booktitle   =   stoc14,
    Year        =   {2014},
    Pages       =   {417--426},
    Doi         =   {10.1145/2591796.2591843},
}

@Misc{Moc07,
    Title       =   {Quantum weak coin flipping with arbitrarily small bias},
    Author      =   {Carlos {Mochon}},
    Year        =   {2007},
    Adsnote     =   {Provided by the SAO/NASA Astrophysics Data System},
    Adsurl      =   {http://adsabs.harvard.edu/abs/2007arXiv0711.4114M},
    Arxivid     =   {0711.4114},
    Primaryclass=   {quant-ph},
    Url         =   {http://arxiv.org/abs/0711.4114},
}

@InProceedings{MVW13,
    Title       =   {Optimal Counterfeiting Attacks and Generalizations for {W}iesner's Quantum Money},
    Author      =   {Abel Molina and Thomas Vidick and John Watrous},
    Booktitle   =   {Theory of Quantum Computation, Communication, and Cryptography - TQC 2012},
    Year        =   {2013},
    Pages       =   {45--64},
    Doi         =   {10.1007/978-3-642-35656-8\_4},
    ISBN        =   {978-3-642-35655-1},
    Language    =   {English},
}

@Article{MVUZ05,
    Title       =   {Experimental quantum coin tossing},
    Author      =   {G. Molina-Terriza and A. Vaziri and R. Ursin and A. Zeilinger},
    Journal     =   phyrevl,
    Year        =   {2005},
    Number      =   {4},
    Pages       =   {040501},
    Volume      =   {94},
    Doi         =   {10.1103/PhysRevLett.94.040501},
    Publisher   =   {APS},
}

@Misc{MRV07arxiv,
    Title       =   {A classical one-way function to confound quantum adversaries},
    Author      =   {Cristopher Moore and Alexander Russell and Umesh Vazirani},
    Year        =   {2007},
    Arxivid     =   {quant-ph/0701115},
    Url         =   {http://arxiv.org/abs/quant-ph/0701115},
}

@InProceedings{Mos09,
    Title       =   {Quantum Algorithms},
    Author      =   {Michele Mosca},
    Booktitle   =   {Encyclopedia of Complexity and Systems Science},
    Year        =   {2009},
    Pages       =   {7088-7118},
    Doi         =   {10.1007/978-0-387-30440-3\_423},
    ISBN        =   {978-0-387-75888-6},
    Language    =   {English},
}

@Article{MS10,
    Title       =   {Quantum coins},
    Author      =   {Michele Mosca and Douglas Stebila},
    Journal     =   {Error-Correcting Codes, Finite Geometries and Cryptography},
    Year        =   {2010},
    Pages       =   {35--47},
    Volume      =   {523},
    Publisher   =   {American Mathematical Society},
    Url         =   {http://arxiv.org/abs/0911.1295},
}

@Article{vNeu28,
    Title       =   {Zur Theorie der {G}esellschaftsspiele},
    Author      =   {J. v. Neumann},
    Journal     =   mata,
    Year        =   {1928},
    Number      =   {1},
    Pages       =   {295--320},
    Volume      =   {100},
    Doi         =   {10.1007/bf01448847},
}

@Article{NBW12,
    Title       =   {Min-entropy uncertainty relation for finite-size cryptography},
    Author      =   {Nelly Huei Ying Ng and Mario Berta and Stephanie Wehner},
    Journal     =   phyra,
    Year        =   {2012},
    Number      =   {4},
    Pages       =   {042315},
    Volume      =   {86},
    Doi         =   {10.1103/physreva.86.042315},
    Publisher   =   {APS},
}

@Article{NJM+12,
    Title       =   {Experimental implementation of bit commitment in the noisy-storage model},
    Author      =   {Nelly Huei Ying Ng and Siddath K. Joshi and Chia {Chen Ming} and Christian Kurtsiefer and Stephanie Wehner},
    Journal     =   ncomms,
    Year        =   {2012},
    Pages       =   {1326},
    Volume      =   {3},
    Arxivid     =   {arXiv:1205.3331v2},
    Doi         =   {10.1038/ncomms2268},
    Eprint      =   {arXiv:1205.3331v2},
    ISSN        =   {2041-1723},
    Pmid        =   {23271659},
    Publisher   =   {Nature Publishing Group, a division of Macmillan Publishers Limited. All Rights Reserved.},
    Shorttitle  =   {Nat Commun},
}

@Article{NFHM08,
    Title       =   {Experimental quantum tossing of a single coin},
    Author      =   {Anh Tuan Nguyen and Julien Frison and K Phan Huy and Serge Massar},
    Journal     =   njp,
    Year        =   {2008},
    Number      =   {8},
    Pages       =   {083037},
    Volume      =   {10},
    Doi         =   {10.1088/1367-2630/10/8/083037},
    Publisher   =   {IOP Publishing},
}

@Book{NC00,
    Title       =   {Quantum Computation and Quantum Information},
    Author      =   {Michael A. Nielsen and Issac L. Chuang},
    Publisher   =   {Cambridge University Press},
    Year        =   {2000},
    ISBN        =   {9780521635035},
}

@Article{PYJ+12,
    Title       =   {Unforgeable noise-tolerant quantum tokens},
    Author      =   {Fernando Pastawski and Norman Y. Yao and Liang Jiang and Mikhail D. Lukin and J. Ignacio Cirac},
    Journal     =   pnas,
    Year        =   {2012},
    Number      =   {40},
    Pages       =   {16079-16082},
    Volume      =   {109},
    Doi         =   {10.1073/pnas.1203552109},
    Publisher   =   {National Acad Sciences},
}

@Misc{Pei15eprint,
    Title       =   {A Decade of Lattice Cryptography},
    Author      =   {Chris Peikert},
    HowPublished=   {Cryptology ePrint Archive, Report 2015/939},
    Year        =   {2015},
    Url         =   {http://eprint.iacr.org/2015/939},
}

@Article{PAM+10,
    Title       =   {Random numbers certified by {B}ell's theorem},
    Author      =   {S. Pironio and A. Ac\'{\i}n and S. Massar and A. Boyer de la Giroday and D. N. Matsukevich and P. Maunz and S. Olmschenk and D. Hayes and L. Luo and T. A. Manning and C. Monroe},
    Journal     =   nat,
    Year        =   {2010},
    Pages       =   {1021-1024},
    Volume      =   {464},
    Doi         =   {10.1038/nature09008},
    Eprint      =   {0911.3427},
    ISBN        =   {9501292851},
    ISSN        =   {0028-0836},
    Pmid        =   {20393558},
}

@Article{PM13,
    Title       =   {Security of practical private randomness generation},
    Author      =   {Stefano Pironio and Serge Massar},
    Journal     =   phyra,
    Year        =   {2013},
    Number      =   {1},
    Pages       =   {012336},
    Volume      =   {87},
    Doi         =   {10.1103/physreva.87.012336},
    Publisher   =   {APS},
}

@Article{PR94,
    Title       =   {Quantum nonlocality as an axiom},
    Author      =   {Popescu, Sandu and Rohrlich, Daniel},
    Journal     =   fp,
    Year        =   {1994},
    Number      =   {3},
    Pages       =   {379--385},
    Volume      =   {24},
    Doi         =   {10.1007/BF02058098},
}

@TechReport{Rab81,
    Title       =   {How to exchange secrets by oblivious transfer},
    Author      =   {Michael Rabin},
    Institution =   {Harvard University},
    Year        =   {1981},
    Number      =   {TR-81},
    Comment     =   {missing more information},
    Group       =   {Aiken Computation Laboratory},
}

@Article{Reg04,
    Title       =   {Quantum Computation and Lattice Problems},
    Author      =   {Regev, Oded},
    Journal     =   siamjc,
    Year        =   {2004},
    Number      =   {3},
    Pages       =   {738-760},
    Volume      =   {33},
    Doi         =   {10.1137/S0097539703440678},
}

@Article{RUV13,
    Title       =   {Classical command of quantum systems},
    Author      =   {Ben W. Reichardt and Falk Unger and Umesh Vazirani},
    Journal     =   nat,
    Year        =   {2013},
    Pages       =   {456-460},
    Volume      =   {496},
    Doi         =   {10.1038/nature12035},
    ISSN        =   {1476-4687},
    Publisher   =   {Nature Publishing Group},
}

@Article{Ren05,
    Title       =   {Security of Quantum Key Distribution},
    Author      =   {Renato Renner},
    Journal     =   ijqi,
    Year        =   {2005},
    Number      =   {01},
    Pages       =   {1--127},
    Volume      =   {06},
    Annote      =   {$\backslash$url\{http://arxiv.org/abs/quant-ph/0512258\}},
    Arxivid     =   {arXiv:quant-ph/0512258v2},
    Booktitle   =   ijqi,
    Doi         =   {10.1142/S0219749908003256},
    Eprint      =   {0512258v2},
    ISSN        =   {0219-7499},
    Primaryclass=   {arXiv:quant-ph},
    School      =   {ETH Z\"{u}rich (Switzerland)},
}

@InProceedings{RAD78,
    Title       =   {On data banks and privacy homomorphisms},
    Author      =   {Ronald L. Rivest and Len Adleman and Michael L. Dertouzos},
    Booktitle   =   {Foundations of Secure Computation},
    Year        =   {1978},
    Pages       =   {169-177},
    Url         =   {https://people.csail.mit.edu/rivest/pubs/RAD78.pdf},
}

@Article{RSA78,
    Title       =   {A method for obtaining digital signatures and public-key cryptosystems},
    Author      =   {R. L. Rivest and A. Shamir and L. Adleman},
    Journal     =   cacm,
    Year        =   {1978},
    Number      =   {2},
    Pages       =   {120--126},
    Volume      =   {21},
    Doi         =   {10.1145/359340.359342},
    Publisher   =   {ACM},
}

@InProceedings{Sal98,
    Title       =   {Quantum bit commitment from a physical assumption},
    Author      =   {Louis Salvail},
    Booktitle   =   crypto1998,
    Year        =   {1998},
    Pages       =   {338--353},
    Doi         =   {10.1007/BFb0055740},
}

@Article{SSS14,
    Title       =   {Quantifying the leakage of quantum protocols for classical two-party cryptography},
    Author      =   {Louis Salvail and Christian Schaffner and Miroslava Sot\'{a}kov\'{a}},
    Journal     =   ijqi,
    Year        =   {2014},
    Number      =   {04},
    Pages       =   {1450041},
    Volume      =   {13},
    Doi         =   {10.1142/s0219749914500415},
    Publisher   =   {World Scientific Pub Co Pte Lt},
}

@InProceedings{SSW03,
    Title       =   {Secure verification of location claims},
    Author      =   {Naveen Sastry and Umesh Shankar and David Wagner},
    Booktitle   =   wise03,
    Year        =   {2003},
    Pages       =   {1--10},
    Doi         =   {10.1145/941311.941313},
    Opteditor   =   {W. Douglas Maughan and Adrian Perrig},
}

@Article{SR08,
    Title       =   {Quantum Cryptography with Finite Resources: Unconditional Security Bound for Discrete-Variable Protocols with One-Way Postprocessing},
    Author      =   {Valerio Scarani and Renato Renner},
    Journal     =   phyrevl,
    Year        =   {2008},
    Number      =   {20},
    Pages       =   {200501},
    Volume      =   {100},
    Doi         =   {10.1103/physrevlett.100.200501},
    Publisher   =   {APS},
}

@PhdThesis{Sch07,
    Title       =   {Cryptography in the Bounded-Quantum-Storage Model},
    Author      =   {Christian Schaffner},
    School      =   {University of Aarhus},
    Year        =   {2007},
    Annote      =   {$\backslash$url\{http://arxiv.org/abs/0709.0289\}},
    Arxivid     =   {0709.0289},
    Eprint      =   {0709.0289},
    Institution =   {University of Aarhus},
    ISSN        =   {1602-0448},
    Pages       =   {128},
    Url         =   {http://arxiv.org/abs/0709.0289},
}

@Article{Sch10,
    Title       =   {Simple protocols for oblivious transfer and secure identification in the noisy-quantum-storage model},
    Author      =   {Christian Schaffner},
    Journal     =   phyra,
    Year        =   {2010},
    Number      =   {3},
    Pages       =   {032308},
    Volume      =   {82},
    Arxivid     =   {1002.1495},
    Comment     =   {missing pages},
    Doi         =   {10.1103/PhysRevA.82.032308},
    Eprint      =   {1002.1495},
    ISBN        =   {1050-2947},
    ISSN        =   {1050-2947},
    Publisher   =   {APS},
}

@InProceedings{Sho94,
    Title       =   {Algorithms for quantum computation: discrete logarithms and factoring},
    Author      =   {Peter W. Shor},
    Booktitle   =   focs94,
    Year        =   {1994},
    Pages       =   {124--134},
    Doi         =   {10.1109/SFCS.1994.365700},
}

@Article{SP00,
    Title       =   {Simple Proof of Security of the {BB}84 Quantum Key Distribution Protocol},
    Author      =   {Peter W. Shor and John Preskill},
    Journal     =   phyrevl,
    Year        =   {2000},
    Number      =   {2},
    Pages       =   {441-444},
    Volume      =   {85},
    Doi         =   {10.1103/physrevlett.85.441},
    Publisher   =   {APS},
}

@Article{SAA+10,
    Title       =   {Quantum memories: {A} review based on the {E}uropean integrated project"Qubit Applications ({QAP})"},
    Author      =   {C. Simon and M. Afzelius and J. Appel and A. {Boyer De La Giroday} and S. J. Dewhurst and N. Gisin and C. Y. Hu and F. Jelezko and S. Kr\"{o}ll and J. H. M\"{u}ller and J. Nunn and E. S. Polzik and J. G. Rarity and H. {De Riedmatten} and W. Rosenfeld and A. J. Shields and N. Sk\"{o}ld and R. M. Stevenson and R. Thew and I. A.Walmsleyand M. C. Weber and H. Weinfurter and J. Wrachtrup and R. J. Young},
    Journal     =   epjd,
    Year        =   {2010},
    Number      =   {1},
    Pages       =   {1-22},
    Volume      =   {58},
    Arxivid     =   {1003.1107},
    Doi         =   {10.1140/epjd/e2010-00103-y},
    Eprint      =   {1003.1107},
    ISSN        =   {14346060},
}

@InProceedings{SP05,
    Title       =   {{s using secure distance bounding protocols}},
    Author      =   {Dave Singelee and Bart Preneel},
    Booktitle   =   mass05,
    Year        =   {2005},
    Pages       =   {7 pp.-840},
    Doi         =   {10.1109/MAHSS.2005.1542879},
    ISBN        =   {0780394666},
    ISSN        =   {15455971},
}

@InProceedings{Son14,
    Title       =   {A Note on Quantum Security for Post-Quantum Cryptography},
    Author      =   {Fang Song},
    Booktitle   =   pqcrypto14,
    Year        =   {2014},
    Pages       =   {246-265},
    Doi         =   {10.1007/978-3-319-11659-4\_15},
    ISBN        =   {http://id.crossref.org/isbn/978-3-319-11659-4},
    ISSN        =   {1611-3349},
}

@Misc{Spe15arxiv,
    Title       =   {Instantaneous non-local computation of low {$T$-depth} quantum circuits},
    Author      =   {Speelman, Florian},
    Year        =   {2015},
    Arxivid     =   {1511.02839},
    Url         =   {http://arxiv.org/abs/1511.02839},
}

@InProceedings{SML10,
    Title       =   {The Case for Quantum Key Distribution},
    Author      =   {Douglas Stebila and Michele Mosca and Norbert L\"{u}tkenhaus},
    Booktitle   =   {Quantum Communication and Quantum Networking},
    Year        =   {2010},
    Pages       =   {283-296},
    Volume      =   {36},
    Doi         =   {10.1007/978-3-642-11731-2\_35},
    ISBN        =   {http://id.crossref.org/isbn/978-3-642-11731-2},
    ISSN        =   {1867-822X},
    Journal     =   {Quantum Communication and Quantum Networking},
}

@Article{TKM12,
    Title       =   {Exact Quantum Algorithms for the Leader Election Problem},
    Author      =   {Tani, Seiichiro and Kobayashi, Hirotada and Matsumoto, Keiji},
    Journal     =   acmtranscompth,
    Year        =   {2012},
    Number      =   {1},
    Pages       =   {1:1-1:24},
    Volume      =   {4},
    Doi         =   {10.1145/2141938.2141939},
}

@Article{Tho83,
    Title       =   {The existence of binary linear concatenated codes with {Reed} - {Solomon} outer codes which asymptotically meet the {G}ilbert-{V}arshamov bound},
    Author      =   {Christian Thommesen},
    Journal     =   ieeetit,
    Year        =   {1983},
    Number      =   {6},
    Pages       =   {850--853},
    Volume      =   {29},
    Doi         =   {10.1109/tit.1983.1056765},
}

@Article{TZG01,
    Title       =   {Experimental demonstration of quantum secret sharing},
    Author      =   {W. Tittel and H. Zbinden and N. Gisin},
    Journal     =   phyra,
    Year        =   {2001},
    Pages       =   {042301},
    Volume      =   {63},
    Doi         =   {10.1103/PhysRevA.63.042301},
    Issue       =   {4},
    Numpages    =   {6},
    Publisher   =   {APS},
}

@Misc{TL15arxiv,
    Title       =   {A Rigorous and Complete Proof of Finite Key Security of Quantum Key Distribution},
    Author      =   {Marco Tomamichel and Anthony Leverrier},
    Year        =   {2015},
    Arxivid     =   {1506.08458},
    Url         =   {http://arxiv.org/abs/1506.08458},
}

@Article{TLGR12,
    Title       =   {Tight finite-key analysis for quantum cryptography},
    Author      =   {Marco Tomamichel and Charles Ci Wen Lim and Nicolas Gisin and Renato Renner},
    Journal     =   ncomms,
    Year        =   {2012},
    Pages       =   {634},
    Volume      =   {3},
    Comment     =   {missing pages and issue},
    Doi         =   {10.1038/ncomms1631},
    Publisher   =   {Nature Publishing Group},
}

@Article{Uhl76,
    Title       =   {The transition probability in the state space of a *-algebra},
    Author      =   {A. Uhlmann},
    Journal     =   rmphys,
    Year        =   {1976},
    Number      =   {2},
    Pages       =   {273-279},
    Volume      =   {9},
    Doi         =   {10.1016/0034-4877(76)90060-4},
    Publisher   =   {Elsevier},
}

@InProceedings{Unr10,
    Title       =   {Universally Composable Quantum Multi-party Computation},
    Author      =   {Dominique Unruh},
    Booktitle   =   eurocrypt10,
    Year        =   {2010},
    Pages       =   {486--505},
    Doi         =   {10.1007/978-3-642-13190-5\_25},
}

@InProceedings{Unr11,
    Title       =   {Concurrent Composition in the Bounded Quantum Storage Model},
    Author      =   {Dominique Unruh},
    Booktitle   =   eurocrypt11,
    Year        =   {2011},
    Pages       =   {467-486},
    Doi         =   {10.1007/978-3-642-20465-4\_26},
}

@InProceedings{Unr12,
    Title       =   {Quantum Proofs of Knowledge},
    Author      =   {Dominique Unruh},
    Booktitle   =   eurocrypt12,
    Year        =   {2012},
    Pages       =   {135--152},
    Doi         =   {10.1007/978-3-642-29011-4\_10},
    ISBN        =   {9783642290107},
    ISSN        =   {03029743},
}

@InProceedings{Unr13,
    Title       =   {Everlasting Multi-party Computation},
    Author      =   {Dominique Unruh},
    Booktitle   =   crypto2013,
    Year        =   {2013},
    Pages       =   {380-397},
    Doi         =   {10.1007/978-3-642-40084-1\_22},
}

@InProceedings{Unr14,
    Title       =   {Revocable Quantum Timed-Release Encryption},
    Author      =   {Dominique Unruh},
    Booktitle   =   eurocrypt14,
    Year        =   {2014},
    Pages       =   {129--146},
    Doi         =   {10.1007/978-3-642-55220-5\_8},
}

@InProceedings{Unr14b,
    Title       =   {Quantum Position Verification in the Random Oracle Model},
    Author      =   {Dominique Unruh},
    Booktitle   =   eurocrypt14,
    Year        =   {2014},
    Pages       =   {1--18},
    Doi         =   {10.1007/978-3-662-44381-1\_1},
    Eprint      =   {\iacr{2014/118}},
    ISBN        =   {http://id.crossref.org/isbn/978-3-662-44381-1},
    ISSN        =   {1611-3349},
}

@Conference{Unr15,
    Title       =   {Non-Interactive Zero-Knowledge Proofs in the Quantum Random Oracle Model},
    Author      =   {Dominique Unruh},
    Booktitle   =   eurocrypt15,
    Year        =   {2015},
    Pages       =   {755--784},
    Doi         =   {10.1007/978-3-662-46803-6\_25},
}

@Article{Unr15b,
    Title       =   {Revocable quantum timed-release encryption},
    Author      =   {Unruh, Dominique},
    Year        =   {2015},
    Journal     =   jacm,
    Volume      =   {62},
    Number      =   {6},
    Pages       =   {49},
    DOI         =   {10.1145/2817206},
}

@InProceedings{VV12,
    Title       =   {Certifiable quantum dice: or, true random number generation secure against quantum adversaries},
    Author      =   {Umesh V. Vazirani and Thomas Vidick},
    Booktitle   =   stoc12,
    Year        =   {2012},
    Pages       =   {61-76},
    Doi         =   {10.1145/2213977.2213984},
}

@InProceedings{VV14,
    Title       =   {Robust device independent quantum key distribution},
    Author      =   {Umesh V. Vazirani and Thomas Vidick},
    Booktitle   =   itcs14,
    Year        =   {2014},
    Pages       =   {35--36},
    Doi         =   {10.1145/2554797.2554802},
}

@MastersThesis{Vel13,
    Title       =   {Classical Encryption and Authentication under Quantum Attacks},
    Author      =   {Velema, Maria},
    School      =   {MSc thesis Master in Logic, University of Amsterdam},
    Year        =   {2013},
    Url         =   {http://arxiv.org/abs/1307.3753},
}

@Article{VN04,
    Title       =   {Secure Location Verification Using Radio Broadcast.},
    Author      =   {Adnan Vora and Mikhail Nesterenko},
    Journal     =   {Transactions on Dependable and Secure Computing},
    Year        =   {2006},
    Number      =   {4},
    Pages       =   {377--385},
    Volume      =   {3},
    Booktitle   =   tdsc,
    Doi         =   {10.1109/TDSC.2006.57},
}

@InProceedings{Wat01,
    Title       =   {Quantum algorithms for solvable groups},
    Author      =   {John Watrous},
    Booktitle   =   stoc01,
    Year        =   {2001},
    Pages       =   {60-67},
    Arxivid     =   {quant-ph/0011023},
    Doi         =   {10.1145/380752.380759},
    Eprint      =   {0011023},
    ISBN        =   {1581133499},
    ISSN        =   {07349025},
    Primaryclass=   {quant-ph},
}

@InProceedings{Wat06,
    Title       =   {Zero-knowledge against quantum attacks},
    Author      =   {John Watrous},
    Booktitle   =   stoc06,
    Year        =   {2006},
    Pages       =   {296--305},
    Doi         =   {10.1145/1132516.1132560},
}

@Misc{Wat15,
    Title       =   {Theory of Quantum Information},
    Author      =   {John Watrous},
    Year        =   {2015},
    Url         =   {https://cs.uwaterloo.ca/~watrous/TQI/},
}

@Article{WCSL10,
    Title       =   {Implementation of two-party protocols in the noisy-storage model},
    Author      =   {Stephanie Wehner and Marcos Curty and Christian Schaffner and Hoi-Kwong Lo},
    Journal     =   phyra,
    Year        =   {2010},
    Number      =   {5},
    Pages       =   {052336},
    Volume      =   {81},
    Doi         =   {10.1103/physreva.81.052336},
    Publisher   =   {APS},
}

@Article{WST08,
    Title       =   {Cryptography from Noisy Storage},
    Author      =   {Stephanie Wehner and Christian Schaffner and Barbara M. Terhal},
    Journal     =   phyrevl,
    Year        =   {2008},
    Number      =   {22},
    Pages       =   {220502},
    Volume      =   {100},
    Arxivid     =   {0711.2895},
    Doi         =   {10.1103/PhysRevLett.100.220502},
    Eprint      =   {0711.2895},
    ISBN        =   {0031-9007},
    ISSN        =   {0031-9007},
    Pmid        =   {18643410},
    Publisher   =   {APS},
}

@Article{WW10,
    Title       =   {Entropic uncertainty relations- a survey},
    Author      =   {Stephanie Wehner and Andreas Winter},
    Journal     =   njp,
    Year        =   {2010},
    Number      =   {2},
    Pages       =   {025009},
    Volume      =   {12},
    Doi         =   {10.1088/1367-2630/12/2/025009},
    ISSN        =   {1367-2630},
    Publisher   =   {IOP Publishing},
}

@InProceedings{WW08,
    Title       =   {Composable Security in the Bounded-Quantum-Storage Model},
    Author      =   {Stephanie Wehner and J\"{u}rg Wullschleger},
    Booktitle   =   {Automata, Languages and Programming},
    Year        =   {2008},
    Pages       =   {604--615},
    Arxivid     =   {0709.0492},
    Doi         =   {10.1007/978-3-540-70583-3\_49},
    Eprint      =   {0709.0492},
    ISBN        =   {3540705821},
    ISSN        =   {03029743},
}

@Article{Wie83,
    Title       =   {Conjugate Coding},
    Author      =   {Stephen Wiesner},
    Journal     =   acmsigactn,
    Year        =   {1983},
    Number      =   {1},
    Pages       =   {78-88},
    Volume      =   {15},
    Doi         =   {10.1145/1008908.1008920},
}

@Book{Wil13,
    Title       =   {Quantum information theory},
    Author      =   {Mark M. Wilde},
    Publisher   =   {Cambridge University Press},
    Year        =   {2013},
}

@Article{WTHR11,
    Title       =   {Impossibility of growing quantum bit commitments},
    Author      =   {Severin Winkler and Marco Tomamichel and Stefan Hengl and Renato Renner},
    Journal     =   phyrevl,
    Year        =   {2011},
    Number      =   {9},
    Pages       =   {090502},
    Volume      =   {107},
    Arxivid     =   {1105.1165},
    Doi         =   {10.1103/PhysRevLett.107.090502},
    Eprint      =   {1105.1165},
    Publisher   =   {APS},
}

@Article{WZ82,
    Title       =   {A single quantum cannot be cloned},
    Author      =   {W. K. Wootters and W. H. Zurek},
    Journal     =   nat,
    Year        =   {1982},
    Pages       =   {802-803},
    Volume      =   {299},
    Doi         =   {10.1038/299802a0},
    ISSN        =   {0028-0836},
    Publisher   =   {Nature Publishing Group},
}

@InProceedings{Yao82,
    Title       =   {Protocols for secure computations},
    Author      =   {Andrew C. Yao},
    Booktitle   =   focs82,
    Year        =   {1982},
    Pages       =   {160-164},
    Arxivid     =   {0272-5428/82/0000/0160},
    Doi         =   {10.1109/SFCS.1982.38},
    Eprint      =   {82/0000/0160},
    ISBN        =   {0272-5428 VO -},
    ISSN        =   {0272-5428},
    Primaryclass=   {0272-5428},
}

@InProceedings{Yao95,
    Title       =   {Security of Quantum Protocols Against Coherent Measurements},
    Author      =   {Andrew Chi-Chih Yao},
    Booktitle   =   stoc95,
    Year        =   {1995},
    Pages       =   {67-75},
    Doi         =   {10.1145/225058.225085},
    ISBN        =   {0-89791-718-9},
}

@Article{YPF14,
    Title       =   {Limitations on information-theoretically-secure quantum homomorphic encryption},
    Author      =   {Li Yu and Carlos A. P\'{e}rez{-}Delgado and Joseph F. Fitzsimons},
    Journal     =   phyra,
    Year        =   {2014},
    Number      =   {5},
    Pages       =   {050303},
    Volume      =   {90},
    Doi         =   {10.1103/physreva.90.050303},
    ISSN        =   {1094-1622},
    Publisher   =   {APS},
}

@InProceedings{Zha12,
    Title       =   {How to Construct Quantum Random Functions},
    Author      =   {Mark Zhandry},
    Booktitle   =   focs12,
    Year        =   {2012},
    Pages       =   {679-687},
    Doi         =   {10.1109/FOCS.2012.37},
}

@Article{ZLFW06,
    Title       =   {Secure localization and authentication in ultra-wideband sensor networks},
    Author      =   {Yanchao Zhang and Wei Liu and Yuguang Fang and Dapeng Wu},
    Journal     =   jsac,
    Year        =   {2006},
    Number      =   {4},
    Pages       =   {829--835},
    Volume      =   {24},
    Doi         =   {10.1109/JSAC.2005.863855},
}

@Article{ZLC00,
    Title       =   {Methodology for quantum logic gate construction},
    Author      =   {Zhou, Xinlan and Leung, Debbie W. and Chuang, Isaac L.},
    Journal     =   phyra,
    Year        =   {2000},
    Number      =   {5},
    Pages       =   {052316},
    Volume      =   {62},
    Doi         =   {10.1103/PhysRevA.62.052316},
}

@Book{BBD09,
    Title       =   {Post-Quantum Cryptography},
    Editor      =   {Daniel J Bernstein and Johannes Buchmann and Erik Dahmen},
    Publisher   =   {Springer},
    Year        =   {2009},
    Booktitle   =   {Post-Quantum Cryptography},
    Doi         =   {10.1007/978-3-540-88702-7},
    ISBN        =   {978-3-540-88701-0},
    Pages       =   {35--93},
}

@Misc{GC01arxiv,
    Title       =   {Quantum digital signatures},
    Author      =   {Gottesman, Daniel and Chuang, Isaac},
    Arxivid     =   {quant-ph/0105032},
    Year        =   {2001},
}

@InProceedings{IM14,
    Title       =   {Unconditionally-Secure and Reusable Public-Key Authenticationn},
    Author      =   {Ioannou, Lawrence M. and Mosca, Michele},
    Booktitle   =   tqc11,
    Pages       =   {121--142},
    Year        =   {2011},
    Doi         =   {10.1007/978-3-642-54429-3\_8},
}

@Article{DWA14,
    Title       =   {Quantum Digital Signatures without Quantum Memory},
    Author      =   {Dunjko, Vedran and Wallden, Petros and Andersson, Erika},
    Journal     =   phyrevl,
    Volume      =   {112},
    Issue       =   {4},
    Pages       =   {040502},
    Year        =   {2014},
    Doi         =   {10.1103/PhysRevLett.112.040502},
}

@Article{DCEL09,
    Title       =   {Exact and approximate unitary 2-designs and their application to fidelity estimation},
    Author      =   {Dankert, Christoph and Cleve, Richard and Emerson, Joseph and Livine, Etera},
    Journal     =   phyra,
    Volume      =   {80},
    Issue       =   {1},
    Pages       =   {012304},
    Numpages    =   {6},
    Year        =   {2009},
    Doi         =   {10.1103/PhysRevA.80.012304},
}

@Article{BS16,
    Title       =   {Quantum cryptography beyond quantum key distribution},
    Author      =   {Broadbent, Anne and Schaffner, Christian},
    Year        =   {2016},
    Journal     =   dcc,
    Volume      =   {78},
    Number      =   {1},
    Pages       =   {351--382},
    DOI         =   {10.1007/s10623-015-0157-4},
}

@Article{Wat11,
    Title       =   {Guest Column: An Introduction to Quantum Information and Quantum Circuits},
    Author      =   {Watrous, John},
    Year        =   {2011},
    Journal     =   acmsigactn,
    Volume      =   {42},
    Number      =   {2},
    Pages       =   {52--67},
    DOI         =   {10.1145/1998037.1998053},
}

@PHDTHESIS{Got97,
    AUTHOR      =   {Daniel Gottesman},
    TITLE       =   {Stabilizer Codes and Quantum Error Correction},
    SCHOOL      =   {California Institute of Technology},
    YEAR        =   {1997},
    Url         =   {http://arxiv.org/abs/quant-ph/9705052},
}

@Article{BS09,
    Title       =   {Nonlocality Distillation and Postquantum Theories with Trivial Communication Complexity},
    Author      =   {Brunner, Nicolas and Skrzypczyk, Paul},
    Journal     =   phyrevl,
    Volume      =   {102},
    Issue       =   {16},
    Pages       =   {160403},
    Year        =   {2009},
    Doi         =   {10.1103/PhysRevLett.102.160403},
}

@Article{PPK+09,
    Title       =   {Information causality as a physical principle},
    Author      =   {Paw{\l}owski, Marcin and Paterek, Tomasz and Kaszlikowski, Dagomir and Scarani, Valerio and Winter, Andreas and {\.Z}ukowski, Marek},
    Journal     =   nat,
    Volume      =   {461},
    Number      =   {7267},
    Pages       =   {1101--1104},
    Year        =   {2009},
    Doi         =   {10.1038/nature08400},
}

@Article{ABPS09,
    Title       =   {Recovering part of the boundary between quantum and nonquantum correlations from information causality},
    Author      =   {Allcock, Jonathan and Brunner, Nicolas and Pawlowski, Marcin and Scarani, Valerio},
    Journal     =   phyra,
    Volume      =   {80},
    Issue       =   {4},
    Pages       =   {040103},
    Year        =   {2009},
    Doi         =   {10.1103/PhysRevA.80.040103},
}

@Article{CSS10,
    Title       =   {Macroscopically local correlations can violate information causality},
    Author      =   {Cavalcanti, Daniel and Salles, Alejo and Scarani, Valerio},
    Journal     =   ncomms,
    Volume      =   {1},
    Pages       =   {136},
    Year        =   {2010},
    Doi         =   {10.1038/ncomms1138},
}

@Article{FSA+13,
    Title       =   {Local orthogonality as a multipartite principle for quantum correlations},
    Author      =   {Fritz, Tobias and Sainz, Ana Bel{\'e}n and Augusiak, Remigiusz and Brask, J Bohr and Chaves, Rafael and Leverrier, Anthony and Ac{\'\i}n, Antonio},
    Journal     =   ncomms,
    Volume      =   {4},
    Year        =   {2013},
    Doi         =   {10.1038/ncomms3263},
}

@Article{SFA+14,
    Title       =   {Exploring the local orthogonality principle},
    Author      =   {Sainz, A. B. and Fritz, T. and Augusiak, R. and Brask, J. Bohr and Chaves, R. and Leverrier, A. and Ac\'{\i}n, A.},
    Journal     =   phyra,
    Volume      =   {89},
    Issue       =   {3},
    Pages       =   {032117},
    Year        =   {2014},
    Doi         =   {10.1103/PhysRevA.89.032117},
}

@Article{NW09,
    Title       =   {A glance beyond the quantum model},
    Author      =   {Navascu{\'e}s, Miguel and Wunderlich, Harald},
    Journal     =   prsla,
    Year        =   {2009},
    Doi         =   {10.1098/rspa.2009.0453},
}

@Article{NGHA15,
    Title       =   {Almost quantum correlations},
    Author      =   {Navascu{\'e}s, Miguel and Guryanova, Yelena and Hoban, Matty J and Ac{\'\i}n, Antonio},
    Journal     =   ncomms,
    Volume      =   {6},
    Year        =   {2015},
    Doi         =   {10.1038/ncomms7288},
}

@Misc{DSS16arXiv,
    Title       =   {Quantum homomorphic encryption for polynomial-sized circuits},
    Author      =   {Yfke Dulek and Christian Schaffner and Florian Speelman},
    Arxivid     =   {1603.09717},
    Year        =   {2016},
    Url         =   {http://arxiv.org/abs/1603.09717},
}

@Article{Die82,
    Title       =   {Communication by {EPR} devices},
    Author      =   {Dieks, Dennis},
    Year        =   {1982},
    Journal     =   phyla,
    Volume      =   {92},
    Number      =   {6},
    Pages       =   {271--272},
    DOI         =   {10.1016/0375-9601(82)90084-6},
}

@Inproceedings{BW16,
    Title       =   {Efficient simulation for quantum message authentication},
    Author      =   {Broadbent, Anne and Wainewright, Evelyn},
    Booktitle   =   icits2016,
    Pages       =   {72--91},
    Year        =   {2016},
    Organization=   {Springer},
    ISBN        =   {978-3-319-49175-2},
    DOI         =   {10.1007/978-3-319-49175-2\_4},
}

@InCollection{AV13,
    Title       =   {Is Quantum Mechanics Falsifiable? {A} computational perspective on the foundations of Quantum Mechanics},
    Author      =   {Aharonov, Dorit and Vazirani, Umesh},
    Year        =   {2013},
    Booktitle   =   {Computability: Turing, G{\"o}del, Church, and Beyond},
    Publisher   =   {MIT press},
    ISBN        =   {9780262018999},
}
% No DOI was found for this entry (2017-10-23).

@Misc{ABEM17,
    Title       =   {Interactive Proofs for Quantum Computations},
    Author      =   {Aharonov, Dorit and {Ben-Or}, Michael and Eban, Elad and Mahadev, Urmila},
    Year        =   {2017},
    EPrint      =   {arXiv:1704.04487},
    Note        =   {Available at \url{https://arxiv.org/abs/1704.04487}},
}

@Misc{FH15,
    Title       =   {Post hoc verification of quantum computation},
    Author      =   {Fitzsimons, Joseph F. and Hajdu{\v{s}}ek, Michal},
    Year        =   {2015},
    EPrint      =   {arXiv:1512.04375},
    Note        =   {Available at \url{https://arxiv.org/abs/1512.04375}},
}

@Misc{HH16,
    Title       =   {Self-guaranteed measurement-based quantum computation},
    Author      =   {Hayashi, Masahito and Hajdu{\v{s}}ek, Michal},
    Year        =   {2016},
    EPrint      =   {arXiv:1603.02195},
    Note        =   {Available at \url{https://arxiv.org/abs/1603.02195}},
}

@Misc{GKAE13,
    Title       =   {Boson-{S}ampling in the light of sample complexity},
    Author      =   {Gogolin, Christian and Kliesch, Martin and Aolita, Leandro and Eisert, Jens},
    Year        =   {2013},
    EPrint      =   {arXiv:1306.3995},
    Note        =   {Available at \url{https://arxiv.org/abs/1306.3995}},
}

@Misc{CGJV17,
    Title       =   {Verifier-on-a-leash: new schemes for verifiable delegated quantum computation, with quasilinear resources},
    Author      =   {Coladangelo, Andrea and Grilo, Alex and  Jeffery, Stacey and  Vidick, Thomas},
    Year        =   {2017},
    EPrint      =   {arXiv:1708.07359},
    Note        =   {Available at \url{https://arxiv.org/abs/1306.3995}},
}

@Article{AA14,
    Title       =   {Boson{S}ampling is far from uniform},
    Author      =   {Aaronson, Scott and Arkhipov, Alex},
    Year        =   {2014},
    Journal     =   qic,
    Volume      =   {14},
    Number      =   {15-16},
    Pages       =   {1383--1423},
}
% No DOI was found for this entry (2017-10-23).

@Article{BCC88,
    Title       =   {Minimum Disclosure Proofs of Knowledge},
    Author      =   {Brassard, Gilles and Chaum, David and Cr{\'e}peau, Claude},
    Year        =   {1988},
    Journal     =   jcss,
    Volume      =   {37},
    Number      =   {2},
    Pages       =   {156--189},
    DOI         =   {10.1016/0022-0000(88)90005-0},
}

@Article{BMP+00,
    Title       =   {A new universal and fault-tolerant quantum basis},
    Author      =   {Boykin, P. Oscar and Mor, Tal and Pulver, Matthew and Roychowdhury, Vwani and Vatan, Farrokh},
    Year        =   {2000},
    Journal     =   ipl,
    Volume      =   {75},
    Number      =   {3},
    Pages       =   {101--107},
    DOI         =   {10.1016/S0020-0190(00)00084-3},
}

@Article{CL95,
    Title       =   {Interactive proof systems with polynomially bounded strategies},
    Author      =   {Condon, Anne and Ladner E., Richard},
    Year        =   {1995},
    Journal     =   jcss,
    Volume      =   {50},
    Number      =   {3},
    Pages       =   {506--518},
    DOI         =   {10.1006/jcss.1995.1040},
}

@Article{Fey82,
    Title       =   {Simulating physics with computers},
    Author      =   {Feynman, Richard P.},
    Journal     =   ijtp,
    Year        =   {1982},
    Volume      =   {21},
    Number      =   {6},
    Pages       =   {467--488},
    DOI         =   {10.1007/BF02650179},
}

@Article{FK17,
    Title       =   {Unconditionally verifiable blind quantum computation},
    Author      =   {Fitzsimons, Joseph F. and Kashefi, Elham},
    Year        =   {2017},
    Journal     =   phyra,
    Volume      =   {96},
    Number      =   {1},
    Pages       =   {012303},
    DOI         =   {10.1103/PhysRevA.96.012303},
}

@Article{HM15,
    Title       =   {Verifiable Measurement-Only Blind Quantum Computing with Stabilizer Testing},
    Author      =   {Hayashi, Masahito and Morimae, Tomoyuki},
    Year        =   {2015},
    Journal     =   phyrevl,
    Volume      =   {115},
    Number      =   {22},
    Pages       =   {220502},
    DOI         =   {10.1103/PhysRevLett.115.220502},
}

@Article{JJUW11,
    Title       =   {{\sf QIP = PSPACE}},
    Author      =   {Jain, Rahul and Ji, Zhengfeng and Upadhyay, Sarvagya and Watrous, John},
    Year        =   {2011},
    Journal     =   jacm,
    Volume      =   {58},
    Issue       =   {6},
    Number      =   {30},
    DOI         =   {10.1145/2049697.2049704},
}

@Article{KW15,
    Title       =   {Optimised resource construction for verifiable quantum computation},
    Author      =   {Kashefi, Elham and Wallden, Petros},
    Year        =   {2017},
    Journal     =   jphysa,
    Volume      =   {50},
    Number      =   {14},
    Pages       =   {145306},
    DOI         =   {10.1088/1751-8121/aa5dac},
}

@Article{LFKN90,
    Title       =   {Algebraic Methods for Interactive Proof Systems},
    Author      =   {Lund, Carsten and Fortnow, Lance and Karloff, Howard and Nisan, Noam},
    Year        =   {1992},
    Journal     =   jacm,
    Volume      =   {39},
    Number      =   {4},
    Pages       =   {859--868},
    DOI         =   {10.1145/146585.146605},
}

@Article{Sha92,
    Title       =   {{\sf IP = PSPACE}},
    Author      =   {Shamir, Adi},
    Year        =   {1992},
    Journal     =   jacm,
    Volume      =   {39},
    Number      =   {4},
    Pages       =   {869--877},
    DOI         =   {10.1145/146585.146609},
}

@Article{SVB+14,
    Title       =   {Experimental validation of photonic boson sampling},
    Author      =   {Spagnolo, Nicol{\`o} and Vitelli, Chiara and Bentivegna, Marco and Brod, Daniel J and Crespi, Andrea and Flamini, Fulvio and Giacomini, Sandro and Milani, Giorgio and Ramponi, Roberta and Mataloni, Paolo and Osellame, Roberto and Galv{\~a}o, Ernesto F. and Sciarrino, Fabio},
    Year        =   {2014},
    Journal     =   natp,
    Volume      =   {8},
    Number      =   {8},
    Pages       =   {615--620},
    DOI         =   {10.1038/nphoton.2014.135},
}

@Article{Wat03,
    Title       =   {{\sf PSPACE} has constant-round quantum interactive proof systems},
    Author      =   {Watrous, John},
    Year        =   {2003},
    Journal     =   tcs,
    Volume      =   {292},
    Number      =   {3},
    Pages       =   {575--588},
    DOI         =   {10.1016/S0304-3975(01)00375-9},
}

@InProceedings{AA11,
    Title       =   {The computational complexity of linear optics},
    Author      =   {Aaronson, Scott and Arkhipov, Alex},
    Year        =   {2011},
    Booktitle   =   stoc11,
    Pages       =   {333--342},
    DOI         =   {10.1145/1993636.1993682},
}

@InProceedings{AJL06,
    Title       =   {A Polynomial Quantum Algorithm for Approximating the {J}ones Polynomial},
    Author      =   {Aharonov, Dorit and Jones, Vaughan and Landau, Zeph},
    Year        =   {2006},
    Booktitle   =   stoc06,
    Pages       =   {427--436},
    DOI         =   {10.1145/1132516.1132579},
}

@InProceedings{Bab85,
    Author      =   {Babai, L{\'a}szl{\'o}},
    Title       =   {Trading Group Theory for Randomness},
    Booktitle   =   stoc85,
    Year        =   {1985},
    Pages       =   {421--429},
    DOI         =   {10.1145/22145.22192},
}

@InProceedings{GH05,
    Title       =   {Calibrating quantum chemistry: A multi-teraflop, parallel-vector, full-configuration interaction program for the {Cray-X1}},
    Author      =   {Gan, Zhengting and Harrison, Robert J.},
    Year        =   {2005},
    Booktitle   =   sc05,
    Pages       =   {22--22},
    DOI         =   {10.1109/SC.2005.17},
}

@InProceedings{GKR08,
    Title       =   {Delegating Computation: Interactive Proofs for Muggles},
    Author      =   {Goldwasser, Shafi and Kalai, Yael Tauman and Rothblum, Guy N.},
    Year        =   {2008},
    Booktitle   =   stoc08,
    Pages       =   {113--122},
    DOI         =   {10.1145/1374376.1374396},
}

@InProceedings{KKMV08,
    Title       =   {Using Entanglement in Quantum Multi-prover Interactive Proofs},
    Author      =   {Kempe, Julia and Kobayashi, Hirotada and Matsumoto, Keiji and Vidick, Thomas},
    Year        =   {2008},
    Booktitle   =   ccc08,
    Pages       =   {211--222},
    DOI         =   {10.1109/CCC.2008.6},
}

@Misc{ACGK17arXiv,
    Title       =   {On the implausibility of classical client blind quantum computing},
    Author      =   {Aaronson, Scott and Cojocaru, Alexandru and Gheorghiu, Alexandru and Kashefi, Elham},
    Year        =   {2017},
    EPrint      =   {arXiv:1704.08482},
    Note        =   {Available at \url{https://arxiv.org/abs/1704.08482}},
}

@Article{MF13,
    Title       =   {Blind quantum computation protocol in which Alice only makes measurements},
    Author      =   {Morimae, Tomoyuki and Fujii, Keisuke},
    Year        =   {2013},
    Journal     =   {Physical Review A},
    Volume      =   {87},
    Number      =   {5},
    Pages       =   {050301},
    DOI         =   {10.1103/PhysRevA.87.050301},
}

@Article{RB01,
    Title       =   {A one-way quantum computer},
    Author      =   {Raussendorf, Robert and Briegel, Hans J},
    Year        =   {2001},
    Journal     =   phyrevl,
    Volume      =   {86},
    Number      =   {22},
    Pages       =   {5188},
    DOI         =   {10.1103/PhysRevLett.86.5188},
}

@InProceedings{ADSS17,
    Title       =   {Quantum fully homomorphic encryption with verification},
    Author      =   {Alagic, Gorjan and Dulek, Yfke and Schaffner, Christian and Speelman, Florian},
    Year        =   {2017},
    Booktitle   =   asiacrypt17,
    Pages       =   {438--467},
    DOI         =   {10.1007/978-3-319-70694-8\_16},
}

@Article{GRB+16,
    Title       =   {Demonstration of measurement-only blind quantum computing},
    Author      =   {Greganti, Chiara and Roehsner, Marie-Christine and Barz, Stefanie and Morimae, Tomoyuki and Walther, Philip},
    Year        =   {2016},
    Journal     =   njp,
    Volume      =   {18},
    Number      =   {1},
    Pages       =   {013020},
    DOI         =   {10.1088/1367-2630/18/1/013020},
}

@Article{GMMR13,
    Title       =   {Efficient universal blind quantum computation},
    Author      =   {Giovannetti, Vittorio and Maccone, Lorenzo and Morimae, Tomoyuki and Rudolph, Terry G},
    Year        =   {2013},
    Journal     =   phyrevl,
    Volume      =   {111},
    Number      =   {23},
    Pages       =   {230501},
    DOI         =   {10.1103/PhysRevLett.111.230501},
}

@Article{Mor14,
    Title       =   {Verification for measurement-only blind quantum computing},
    Author      =   {Morimae, Tomoyuki},
    Year        =   {2014},
    Journal     =   phyra,
    Volume      =   {89},
    Number      =   {6},
    Pages       =   {060302},
    DOI         =   {10.1103/PhysRevA.89.060302},
}

@InProceedings{BJSW16,
    Title       =   {Zero-knowledge proof systems for {QMA}},
    Author      =   {Broadbent, Anne and Ji, Zhengfeng and Song, Fang and Watrous, John},
    Year        =   {2016},
    Booktitle   =   focs16,
    Pages       =   {31--40},
    DOi         =   {10.1109/FOCS.2016.13},
}

@Misc{CCKW18arXiv,
    Title       =   {Delegated Pseudo-Secret Random Qubit Generator},
    Author      =   {Cojocaru, Alexandru and Colisson, L{\'e}o and Kashefi, Elham and Wallden, Petros},
    Year        =   {2018},
    EPrint      =   {arXiv:1802.08759},
    Note        =   {Available at \url{https://arxiv.org/abs/1802.08759}},
}

@InProceedings{DSS16,
    Title       =   {Quantum homomorphic encryption for polynomial-sized circuits},
    Author      =   {Dulek, Yfke and Schaffner, Christian and Speelman, Florian},
    Year        =   {2016},
    Booktitle   =   crypto2016,
    Pages       =   {3--32},
    DOI         =   {10.1007/978-3-662-53015-3\_1},
}

@Misc{KDK15arXiv,
    Title       =   {On optimising quantum communications in verifiable quantum computing},
    Author      =   {Theodoros Kapourniotis and Vedran Dunjko and Elham Kashefi},
    Year        =   {2015},
    EPrint      =   {arXiv:1506.06943},
    Note        =   {Available at \url{https://arxiv.org/abs/1506.06943}},
}

@Article{AGR82,
    Title       =   {Experimental Realization of {Einstein-Podolsky-Rosen-Bohm} Gedankenexperiment : A New Violation of {Bell}'s Inequalities},
    Author      =   {Aspect, Alain and Grangier, Philippe and Rogerm G\'{e}rard},
    Year        =   {1982},
    Journal     =   phyrevl,
    Volume      =   {49},
    Number      =   {2},
    Pages       =   {91--94},
    DOI         =   {10.1103/PhysRevLett.49.91},
}

@Article{BCP+14,
    Title       =   {Bell Nonlocality},
    Author      =   {Brunner, Nicolas and Cavalcanti, Daniel and Pironio, Stefano and Scarani, Valerio and Wehner, Stephanie},
    Year        =   {2014},
    Journal     =   rmp,
    Volume      =   {86},
    Number      =   {2},
    Pages       =   {419--478},
    DOI         =   {10.1103/RevModPhys.86.419},
}

@Article{BG15,
    Title       =   {A Monotone Measure for Non-Local Correlations},
    Author      =   {Beigi, Salman and Gohari, Amin},
    Year        =   {2015},
    Journal     =   ieeetit,
    Volume      =   {61},
    Number      =   {9},
    Pages       =   {5185--5208},
    DOI         =   {10.1109/TIT.2015.2452253},
}

@Article{Bra11,
    Title       =   {Detection loophole in {Bell} experiments: {How} postselection modifies the requirements to observe nonlocality},
    Author      =   {Branciard, Cyril},
    Year        =   {2011},
    Journal     =   phyra,
    Volume      =   {83},
    Number      =   {3},
    Pages       =   {032123},
    DOI         =   {10.1103/PhysRevA.83.032123},
}

@Article{Bro16,
    Title       =   {Popescu-{Rohrlich} correlations imply efficient instantaneous nonlocal quantum computation},
    Author      =   {Broadbent, Anne},
    Year        =   {2016},
    Journal     =   phyra,
    Volume      =   {94},
    Number      =   {2},
    Pages       =   {022318},
    DOI         =   {10.1103/PhysRevA.94.022318},
}

@Article{CvDNT13,
    Title       =   {Quantum entanglement and the communication complexity of the inner product function},
    Author      =   {Cleve, Richard and van Dam, Wim and Nielson, Michael and Tapp, Alain},
    Year        =   {2013},
    Journal     =   tcs,
    Volume      =   {486},
    Pages       =   {11--19},
    DOI         =   {10.1016/j.tcs.2012.12.012},
}

@Article{EP98,
    Title       =   {On the maximum tolerable noise for reliable computation by formulas},
    Author      =   {Evans, William and Pippenger, Nicholas},
    Year        =   {1998},
    Journal     =   ieeetit,
    Volume      =   {44},
    Number      =   {3},
    Pages       =   {1299--1305},
    DOI         =   {10.1109/18.669417},
}

@Article{FWW09,
    Title       =   {Distilling Nonlocality},
    Author      =   {Forster, Manuel and Winkler, Severin and Wolf, Stefan},
    Year        =   {2009},
    Journal     =   phyrevl,
    Volume      =   {102},
    Number      =   {12},
    Pages       =   {120401},
    DOI         =   {10.1103/PhysRevLett.102.120401},
}

@Article{GFW+18,
    Title       =   {Geometry of the set of quantum correlations},
    Author      =   {Goh, Koon Tong and Kaniewski, J\k{E}drzej and Wolfe, Elie and V\'{e}rtesi, Tam\'{a}s and Wu, Xingyao and Cai, Yu and Liang, Yeong-Cherng and Scarani, Valerio},
    Year        =   {2018},
    Journal     =   phyra,
    Volume      =   {97},
    Number      =   {2},
    Pages       =   {022104},
    DOI         =   {10.1103/PhysRevA.97.022104},
}

@Article{GWAN11,
    Title       =   {Quantum Correlations Require Multipartite Information Principles},
    Author      =   {Gallego, Rodrigo and W\"{u}rflinger, Lars Erik and Ac\'{i}n, Antonio and Navascu\'{e}s, Miguel},
    Year        =   {2011},
    Journal     =   phyrevl,
    Volume      =   {107},
    Number      =   {21},
    Pages       =   {210403},
    DOI         =   {10.1103/PhysRevLett.107.210403},
}

@Article{HBD+15,
    Title       =   {Loophole-free {Bell} inequality violation using electron spins separated by 1.3 kilometres},
    Author      =   {Hensen, B. and Bernien, H. and Dr\'{e}au, A. E. and Reiserer, A. and Kalb, N. and Blok, M. S. and Ruitenberg, J. and Vermeulen, R. F. L. and Schouten, R. N. and Abell\'{a}n, C. and Amaya, W. and Pruneri, V. and Mitchell, M. W. and Markham, M. and Twitchen, D. J. and Elkouss, D. and Wehner, S. and Taminiau, T. H. and Hanson, R.},
    Year        =   {2015},
    Journal     =   nat,
    Volume      =   {526},
    Pages       =   {682--686},
    DOI         =   {10.1038/nature15759},
}

@Article{LHBR10,
    Title       =   {Nonclassical Correlations from Randomly Chosen Local Measurements},
    Author      =   {Liang, Yeong-Cherng and Harrigan, Nicholas and Bartlett, Stephen D. and Rudolph, Terry},
    Year        =   {2010},
    Journal     =   phyrevl,
    Volume      =   {104},
    Number      =   {5},
    Pages       =   {050401},
    DOI         =   {10.1103/PhysRevLett.104.050401},
}

@Article{LPSW07,
    Title       =   {Quantum Nonlocality and Beyond: Limits from Nonlocal Computation},
    Author      =   {Linden, Noah and Popescu, Sandu and Short, Anthony J. and Winter, Andreas},
    Year        =   {2007},
    Journal     =   phyrevl,
    Volume      =   {99},
    Number      =   {18},
    Pages       =   {180502},
    DOI         =   {10.1103/PhysRevLett.99.180502},
}

@Article{MAG06,
    Title       =   {General properties of nonsignaling theories},
    Author      =   {Masanes, Ll. and Acin, A. and Gisin, N.},
    Year        =   {2006},
    Journal     =   phyra,
    Volume      =   {73},
    Number      =   {1},
    Pages       =   {012112},
    DOI         =   {10.1103/PhysRevA.73.012112},
}

@Article{MMM+08,
    Title       =   {Bell Inequality Violation with Two Remote Atomic Qubits},
    Author      =   {Matsukevich, D. N. and Maunz, P. and Moehring, D. L. and Olmschenk, S. and Monroe, C.},
    Year        =   {2008},
    Journal     =   phyrevl,
    Volume      =   {100},
    Number      =   {15},
    Pages       =   {150404},
    DOI         =   {10.1103/PhysRevLett.100.150404},
}

@Article{SMC+15,
    Title       =   {Strong Loophole-Free Test of Local Realism},
    Author      =   {Shalm, Lynden K. and Meyer-Scott, Evan and Christensen, Bradley G. and Bierhorst, Peter and Wayne, Michael A. and Stevens, Martin J. and Gerrits, Thomas and Glancy, Scott and Hamel, Deny R. and Allman, Michael S. and Coakley, Kevin J. and Dyer, Shellee D. and Hodge, Carson and Lita, Adriana E. and Verma, Varun B. and Lambrocco, Camilla and Tortorici, Edward and Migdall, Alan L. and Zhang, Yanbao and Kumor, Daniel R. and Farr, William H. and Marsili, Francesco and Shaw, Matthew D. and Stern, Jeffrey A. and Abellán, Carlos and Amaya, Waldimar and Pruneri, Valerio and Jennewein, Thomas and Mitchell, Morgan W. and Kwiat, Paul G. and Bienfang, Joshua C. and Mirin, Richard P. and Knill, Emanuel and Nam, Sae Woo},
    Year        =   {2015},
    Journal     =   phyrevl,
    Volume      =   {115},
    Number      =   {25},
    Pages       =   {250402},
    DOI         =   {10.1103/PhysRevLett.115.250402},
}

@Article{Mor16,
    Title       =   {Three-input majority function as the unique optimal function for the bias amplification using nonlocal boxes},
    Author      =   {Mori, Ryuhei},
    Year        =   {2016},
    Journal     =   phyra,
    Volume      =   {94},
    Number      =   {5},
    Pages       =   {052130},
    DOI         =   {10.1103/PhysRevA.94.052130},
}

@Article{Oru14,
    Title       =   {A practical introduction to tensor networks: {Matrix} product states and projected entangled pair states},
    Author      =   {Or{\'u}s, Rom\'{a}n},
    Year        =   {2014},
    Journal     =   annphys,
    Volume      =   {349},
    Pages       =   {117--158},
    DOI         =   {10.1016/j.aop.2014.06.013},
}

@Article{Pop14,
    Title       =   {Nonlocality beyond quantum mechanics},
    Author      =   {Popescu, Sandu},
    Year        =   {2014},
    Journal     =   natphys,
    Volume      =   {10},
    Pages       =   {264--270},
    DOI         =   {10.1038/NPHYS2916},
}

@InCollection{Str18,
    Title       =   {One-Dimensional maps},
    Author      =   {Strogatz, Steven H.},
    Year        =   {2018},
    Booktitle   =   {Nonlinear Dynamics and Chaos},
    Pages       =   {355--404},
    Publisher   =   {CRC press},
    ISBN        =   {9780429961113},
}

@Article{SUK+10,
    Title       =   {Violation of local realism with freedom of choice},
    Author      =   {Scheidl, Thomas and Ursin, Rupert and Kofler, Johannes and Ramelow, Sven and Ma, Xiao-Song and Herbst, Thomas and Ratschbacher, Lothar and Fedrizzi, Alessandro and Langford, Nathan K. and Jennewein, Thomas and Zeilinger, Anton},
    Year        =   {2010},
    Journal     =   pnas,
    Volume      =   {107},
    Number      =   {46},
    Pages       =   {19708--19713},
    DOI         =   {10.1073/pnas.1002780107},
}

@InCollection{vN56,
    Title       =   {Probabilistic Logics and the Synthesis of Reliable Organisms from Unreliable Components},
    Author      =   {von Neumann, John},
    Year        =   {1956},
    Booktitle   =   {Automata Studies},
    Pages       =   {43--98},
    Publisher   =   {Princeton {University} {Press}},
    ISBN        =   {0-691-07916-1},
}

@InCollection{AS72,
    Title       =   {Elementary Analytical Methods},
    Author      =   {Abramowitz, Milton and Stegun, Irene A.},
    Year        =   {1972},
    Booktitle   =   {Handbook of mathematical functions with formulas, graphs, and mathematical tables},
    Pages       =   {10},
    Publisher   =   {Dover {Publications}, {Inc}},
    ISBN        =   {486-61272-4},
}

@Article{FC72,
    Title       =   {Experimental Test of Local Hidden-Variable Theories},
    Author      =   {Freedman, Stuart J and Clauser, John F},
    Year        =   {1972},
    Journal     =   phyrevl,
    Volume      =   {28},
    Number      =   {14},
    Pages       =   {938--941},
    DOI         =   {10.1103/PhysRevLett.28.938},
}

@InProceedings{AK07,
    Title       =   {Quantum versus classical proofs and advice},
    Author      =   {Aaronson, Scott and Kuperberg, Greg},
    Year        =   {2007},
    Booktitle   =   ccc07,
    Pages       =   {115--128},
    DOI         =   {10.1109/CCC.2007.27},
}

@Misc{AN02arxiv,
    Title       =   {Quantum \textsf{NP}-a survey},
    Author      =   {Aharonov, Dorit and Naveh, Tomer},
    Year        =   {2002},
    EPrint      =   {arXiv:quant-ph/0210077},
    Note        =   {Available at \url{https://arxiv.org/abs/quant-ph/0210077}},
}

@Misc{BDS17arxiv,
    Title       =   {Quantum Tokens for Digital Signatures},
    Author      =   {Ben-David, Shalev and Sattah, Or},
    Year        =   {2016},
    EPrint      =   {arXiv:1609.09047},
    Note        =   {Available at \url{https://arxiv.org/abs/1609.09047}},
}

@Misc{FK15arxiv,
    Title       =   {Quantum vs classical proofs and subset verification},
    Author      =   {Fefferman, Bill and Kimmel, Shelby},
    Year        =   {2015},
    EPrint      =   {arXiv:1510.06750},
    Note        =   {Available at \url{https://arxiv.org/abs/1510.06750}},
}

@InProceedings{JLS18,
    Title       =   {Pseudorandom Quantum States},
    Author      =   {Ji, Zhengfeng and Liu, Yi-Kai and Song, Fang},
    Year        =   {2018},
    Booktitle   =   crypto2018,
    Volume      =   {3},
    Pages       =   {126--152},
    DOI         =   {10.1007/978-3-319-96878-0\_5},
}

@InProceedings{KP14b,
    Title       =   {Two results about quantum messages},
    Author      =   {Klauck, Hartmut and Podder, Supartha},
    Year        =   {2014},
    Booktitle   =   mfcs2014,
    Pages       =   {445--456},
    DOI         =   {10.1007/978-3-662-44465-8\_38},
}

@InProceedings{Wat00,
    Title       =   {Succinct quantum proofs for properties of finite groups},
    Author      =   {Watrous, John},
    Year        =   {2000},
    Booktitle   =   focs00,
    Pages       =   {537--546},
    DOI         =   {10.1109/SFCS.2000.892141},
}

@Misc{Zha17arxiv,
    Title       =   {Quantum Lighning Never Strikes the Same State Twice},
    Author      =   {Zhandry, Mark},
    Year        =   {2017},
    EPrint      =   {arXiv:1711.02276},
    Note        =   {Available at \url{https://arxiv.org/abs/1711.02276}},
}

@Misc{Aar16,
    Title       =   {The No-Cloning Theorem and the Human Condition},
    Author      =   {Aaronson, Scott},
    Year        =   {2016},
    Note        =   {After-diner talk given at QCRYPT 2016. Transcript available at \url{https://www.scottaaronson.com/blog/?p=2903} and video available at \url{https://youtu.be/Z-fa669IR7I?list=PLUz_4vZOI0H0nfczvYk2C_UbE_BMs8cpY}.},
}

@Article{GKS16,
    Title       =   {{\sf QMA} with subset state witnesses},
    Author      =   {Grilo, Alex Bredariol and Kerenidis, Iordanis and Sikora, Jamie},
    Year        =   {2016},
    Journal     =   cjtcs,
    Volume      =   {2016},
    Number      =   {4},
    DOI         =   {10.4086/cjtcs.2016.004},
}

@Misc{Zha16arxiv,
    Title       =   {A Note on Quantum-Secure PRPs},
    Author      =   {Zhandry, Mark},
    Year        =   {2016},
    EPrint      =   {arXiv:1611.05564},
    Note        =   {Available at \url{https://arxiv.org/abs/1611.05564}},
}

@Misc{AF16arxiv,
    Title       =   {On Quantum Obfuscation},
    Author      =   {Alagic, Gorjan and Fefferman, Bill},
    Year        =   {2016},
    EPrint      =   {arXiv:1602.01771},
    Note        =   {Available at \url{https://arxiv.org/abs/1602.01771}},
}

@InProceedings{GKR08b,
    Title       =   {One-Time Programs},
    Author      =   {Goldwasser, Shafi and Kalai, Yael Tauman and Rothblum, Guy N.},
    Year        =   {2008},
    Booktitle   =   crypto2008,
    Pages       =   {39--56},
    DOI         =   {10.1007/978-3-540-85174-5\_3},
}

@Book{KSV02,
    Title       =   {Classical and Quantum Computation},
    Author      =   {Kitaev, Alexei Yu. and Shen, Alexander and Vyalyi, Mikhail N.},
    Year        =   {2002},
    Publisher   =   {American Mathematical Society},
    ISBN        =   {9780821832295},
}
% No DOI found for this entry. 2018-09-27

@Book{Mae13,
    Title       =   {Physically Unclonable Functions},
    Author      =   {Maes, Roel},
    Year        =   {2013},
    Publisher   =   {Springer},
    ISBN        =   {9783642413940},
    DOI         =   {10.1007/978-3-642-41395-7},
}

@Article{Sko12,
    Title       =   {Quantum readout of Physical Unclonable Functions},
    Author      =   {{\v{S}}kori{\'c}, Boris},
    Year        =   {2012},
    Journal     =   ijqi,
    Volume      =   {10},
    Number      =   {1},
    Pages       =   {1250001},
    DOI         =   {10.1142/S0219749912500013},
}

@InProceedings{Kla17,
    Title       =   {The Complexity of Quantum Disjoiness},
    Author      =   {Klauck, Hartmut},
    Year        =   {2017},
    Booktitle   =   mfcs2017,
    Pages       =   {15:1--15:13},
    DOI         =   {10.4230/LIPIcs.MFCS.2017.15},
}

@Book{Bil95,
    Title       =   {Probability and Measure},
    Author      =   {Billingsley, Patrick},
    Publisher   =   {John Wiley \& Sons},
    Edition     =   {3\textsuperscript{rd}},
    Year        =   {1995},
    ISBN        =   {0-471-00710-2},
}

@Article{DH76,
    Title       =   {New directions in cryptography},
    Author      =   {Diffie, Whitfield and Hellman, Martin},
    Year        =   {1976},
    Journal     =   {IEEE transactions on Information Theory},
    Volume      =   {22},
    Number      =   {6},
    Pages       =   {644--654},
    DOI         =   {10.1109/TIT.1976.1055638},
}

@Article{TFKW13,
    Title       =   {A monogamy-of-entanglement game with applications to device-independent quantum cryptography},
    Author      =   {Tomamichel, Marco and Fehr, Serge and Kaniewski, J{\k{e}}drzej and Wehner, Stephanie},
    Year        =   {2013},
    Journal     =   njp,
    Volume      =   {15},
    Number      =   {10},
    Pages       =   {103002},
    DOI         =   {10.1088/1367-2630/15/10/103002},
}

@Article{Got03,
    Title       =   {Uncloneable Encryption},
    Author      =   {Gottesman, Daniel},
    Year        =   {2003},
    Journal     =   qic,
    Volume      =   {3},
    Number      =   {6},
    Pages       =   {581--602},
}
% Note: There is a DOI (10.26421/QIC3.6) for the Issue, but not the article.

@Misc{Got02arxiv,
    Title       =   {Uncloneable Encryption},
    Author      =   {Gottesman, Daniel},
    Year        =   {2002},
    EPrint      =   {arXiv:quant-ph/0210062},
    Note        =   {Available at \url{https://arxiv.org/abs/quant-ph/0210062}.},
}

@InProceedings{BCG+02,
    Title       =   {Authentication of Quantum Messages},
    Author      =   {Barnum, H. and Cr{\'e}peau, C. and Gottesman, D. and Smith, A. and Tapp, A.},
    Year        =   {2002},
    Booktitle   =   focs02,
    Pages       =   {449--485},
    DOI         =   {10.1109/SFCS.2002.1181969},
}

@Misc{BCG+02arxiv,
    Title       =   {Authentication of Quantum Messages},
    Author      =   {Barnum, H. and Cr{\'e}peau, C. and Gottesman, D. and Smith, A. and Tapp, A.},
    Year        =   {2002},
    EPrint      =   {arXiv:quant-ph/0205128},
    Note        =   {Available at \url{https://arxiv.org/abs/quant-ph/0205128}.},
}

@Misc{Wat08pp,
    Title       =   {Quantum computational Complexity},
    Author      =   {Watrous, John},
    Year        =   {2008},
    EPrint      =   {arXiv:quant-ph/0804.3401},
    Note        =   {Available at \url{https://arxiv.org/abs/quant-ph/0804.3401}.},
}

@Article{Jen06,
    Title       =   {Sur les fonctions convexes et les in{\'e}galit{\'e}s entre les valeurs moyennes},
    Author      =   {Jensen, Johan Ludwig William Valdemar},
    Year        =   {1906},
    Journal     =   {Acta mathematica},
    Volume      =   {30},
    Number      =   {1},
    Pages       =   {175--193},
    DOI         =   {10.1007/BF02418571},
}

@Article{BBC+01,
    Title       =   {Quantum lower bounds by polynomials},
    Author      =   {Beals, Robert and Buhrman, Harry and Cleve, Richard and Mosca, Michele and de Wolf, Ronald},
    Year        =   {2001},
    Journal     =   jacm,
    Volume      =   {48},
    Number      =   {4},
    Pages       =   {778--797},
    DOI         =   {10.1145/502090.502097},
}

@InProceedings{BBC+98,
    Title       =   {Quantum lower bounds by polynomials},
    Author      =   {Beals, Robert and Buhrman, Harry and Cleve, Richard and Mosca, Michele and De Wolf, Ronald},
    Year        =   {1998},
    Booktitle   =   focs98,
    Pages       =   {352--361},
    DOI         =   {10.1109/SFCS.1998.743485},
}

@InProceedings{AKN98,
    Title       =   {Quantum circuits with mixed states},
    Author      =   {Aharonov, Dorit and Kitaev, Alexei and Nisan, Noam},
    Year        =   {1998},
    Booktitle   =   stoc98,
    Pages       =   {20--30},
    DOI         =   {10.1145/276698.276708},
}

@Book{NC10,
    Title       =   {Quantum Computation and Quantum Information},
    Author      =   {Nielsen, Michael A. and Chuang, Isaac L.},
    Year        =   {2010},
    Publisher   =   {Cambridge University Press},
    Edition     =   {10\textsuperscript{th} Anniversary},
    ISBN        =   {978-1-107-00217-3},
}

@Book{KL15,
    Title       =   {Introduction to Modern Cryptography},
    Author      =   {Katz, Jonathan and Lindell, Yehuda},
    Year        =   {2015},
    Publisher   =   {CRC Press},
    Edition     =   {2\textsuperscript{nd}},
    ISBN        =   {978-1-4665-7026-9},
}

@Article{KY06,
    Title       =   {Characterization of security notions for probabilistic private-key encryption},
    Author      =   {Katz, Jonathan and Yung, Moti},
    Year        =   {2006},
    Journal     =   jcryp,
    Volume      =   {19},
    Number      =   {1},
    Pages       =   {67--95},
    DOI         =   {10.1007/s00145-005-0310-8},
}

@article{SBF+17,
    Title       =   {High-dimensional intracity quantum cryptography with structured photons},
    Author      =   {Sit, Alicia and Bouchard, Fr{\'e}d{\'e}ric and Fickler, Robert and Gagnon-Bischoff, J{\'e}r{\'e}mie and Larocque, Hugo and Heshami, Khabat and Elser, Dominique and Peuntinger, Christian and G{\"u}nthner, Kevin and Heim, Bettina and Marquardt, Christoph and Leuchs, Gerd and Boyd, Robert W. and Karimi, Ebrahim},
    Year        =   {2017},
    Journal     =   {Optica},
    Volume      =   {4},
    Number      =   {9},
    Pages       =   {1006--1010},
    DOI         =   {10.1364/OPTICA.4.001006},
}

@Article{CBTW17,
    Title       =   {Entropic uncertainty relations and their applications},
    Author      =   {Coles, Patrick J and Berta, Mario and Tomamichel, Marco and Wehner, Stephanie},
    Year        =   {2017},
    Journal     =   rmp,
    Volume      =   {89},
    Number      =   {1},
    Pages       =   {015002},
    DOI         =   {10.1103/RevModPhys.89.015002},
}

@Article{Ort18,
    Title       =   {Twelve years before the quantum no-cloning theorem},
    Author      =   {Ortigoso, Juan},
    Year        =   {2018},
    Journal     =   {American Journal of Physics},
    Volume      =   {86},
    Number      =   {3},
    Pages       =   {201--205},
    DOI         =   {10.1119/1.5021356},
}

@Article{Par70,
    Title       =   {The concept of transition in quantum mechanics},
    Author      =   {Park, James L},
    Year        =   {1970},
    Journal     =   fp,
    Volume      =   {1},
    Number      =   {1},
    Pages       =   {23--33},
    DOI         =   {10.1007/BF00708652},
}

@article{Her82,
    Title       =   {{FLASH --— A} superluminal communicator based upon a new kind of quantum measurement},
    Author      =   {Herbert, Nick},
    Year        =   {1982},
    Journal     =   fp,
    Volume      =   {12},
    Number      =   {12},
    Pages       =   {1171--1179},
    DOI         =   {10.1007/BF00729622},
}

@Article{OV06,
    Title       =   {General monogamy inequality for bipartite qubit entanglement},
    Author      =   {Osborne, Tobias J and Verstraete, Frank},
    Year        =   {2006},
    Journal     =   phyrevl,
    Volume      =   {96},
    Number      =   {22},
    Pages       =   {220503},
    DOI         =   {10.1103/PhysRevLett.96.220503},
}

@Article{CKW00,
    Title       =   {Distributed entanglement},
    Author      =   {Coffman, Valerie and Kundu, Joydip and Wootters, William K},
    Year        =   {200},
    Journal     =   phyra,
    Volume      =   {61},
    Number      =   {5},
    Pages       =   {052306},
    DOI         =   {10.1103/PhysRevA.61.052306},
}

@Book{Wat18,
    Title       =   {The Theory of Quantum Information},
    Author      =   {Watrous, John},
    Year        =   {2018},
    Edition     =   {1\textsuperscript{st}},
    Publisher   =   {Cambridge University Press},
    ISBN        =   {9781107180567},
}

@Book{Sak94,
    Title       =   {Modern quantum mechanics},
    Author      =   {Sakurai, Jun John and Commins, Eugene D},
    Year        =   {1994},
    Edition     =   {Revised},
    Publisher   =   {Adison-wesley Publishing Company},
    ISBN        =   {0-201-53929-2},
}

@Article{Per03,
    Title       =   {How the no-cloning theorem got its name},
    Author      =   {Peres, Asher},
    Year        =   {2003},
    Journal     =   {Fortschritte der Physik: Progress of Physics},
    Volume      =   {51},
    Number      =   {4-5},
    Pages       =   {458--461},
    DOI         =   {10.1002/prop.200310062},
}

@incollection{Wat09,
    Title       =   {Quantum computational complexity},
    Author      =   {Watrous, John},
    Year        =   {2009},
    Booktitle   =   {Encyclopedia of complexity and systems science},
    Pages       =   {7174--7201},
    Publisher   =   {Springer},
    DOI         =   {10.1007/978-3-642-27737-5\_428-3},
}

@article{SGG+02,
    Title       =   {Quantum key distribution over 67 km with a plug\&play system},
    Author      =   {Stucki, Damien and Gisin, Nicolas and Guinnard, Olivier and Ribordy, Gr{\'e}goire and Zbinden, Hugo},
    Year        =   {2002},
    Journal     =   {New Journal of Physics},
    Volume      =   {4},
    Number      =   {1},
    Pages       =   {41},
    DOI         =   {10.1088/1367-2630/4/1/341},
}

@InProceedings{Aar18,
    Title       =   {Shadow tomography of quantum states},
    Author      =   {Aaronson, Scott},
    Booktitle   =   {Proceedings of the 50th Annual ACM SIGACT Symposium on Theory of Computing},
    Pages       =   {325--338},
    Year        =   {2018},
    DOI         =   {10.1145/3188745.3188802},
}

@Book{Ker1883,
    Title       =   {La cryptographie militaire, ou, Des chiffres usit{\'e}s en temps de guerre: avec un nouveau proc{\'e}d{\'e} de d{\'e}chiffrement applicable aux syst{\`e}mes {\`a} double clef},
    Author      =   {Kerckhoffs, Auguste},
    Year        =   {1883},
    Publisher   =   {Librairie Militaire de L. Baudoin},
}
% Note:
% A digital version is hosted at:
%
% https://www.petitcolas.net/kerckhoffs/

@article{BOV+18,
    Title       =   {Experimental investigation of practical unforgeable quantum money},
    Author      =   {Bozzio, Mathieu and Orieux, Adeline and Vidarte, Luis Trigo and Zaquine, Isabelle and Kerenidis, Iordanis and Diamanti, Eleni},
    Year        =   {2018},
    Journal     =   {npj Quantum Information},
    Volume      =   {4},
    Number      =   {1},
    Pages       =   {5},
    DOI         =   {10.1038/s41534-018-0058-2},
}

@article{GAA+18,
    Title       =   {Experimental preparation and verification of quantum money},
    Author      =   {Guan, Jian-Yu and Arrazola, Juan Miguel and Amiri, Ryan and Zhang, Weijun and Li, Hao and You, Lixing and Wang, Zhen and Zhang, Qiang and Pan, Jian-Wei},
    Year        =   {2018},
    Journal     =   {Physical Review A},
    Volume      =   {97},
    Number      =   {3},
    Pages       =   {032338},
    DOI         =   {10.1103/PhysRevA.97.032338},
}

@TechReport{NIST-SP-800-57-P1,
    Title       =   {Recommendation for Key Management Part 1: General (Revision 4)},
    Author      =   {Barker, Elaine},
    Year        =   {2016},
    Institution =   {National Institute of Standards and Technology},
    Number      =   {SP 800-57},
    DOI         =   {10.6028/NIST.SP.800-57pt1r4},
}

@inproceedings{FS17,
    Title       =   {Quantum authentication and encryption with key recycling},
    Author      =   {Fehr, Serge and Salvail, Louis},
    Year        =   {2017},
    Booktitle   =   eurocrypt17,
    Pages       =   {311--338},
    DOI         =   {10.1007/978-3-319-56617-7\_11},
}

@Book{Gol01,
    Title       =   {Foundations of Cryptography: Volume 1, Basic Tools},
    Author      =   {Goldreich, Oded},
    Year        =   {2001},
    Publisher   =   {Cambridge University Press}
}

@Book{Gol04,
    Title       =   {Foundations of Cryptography: Volume 2, Basic Applications},
    Author      =   {Goldreich, Oded},
    Year        =   {2004},
    Publisher   =   {Cambridge University Press},
}

@InProceedings{ABF+16,
    Title       =   {Computational security of quantum encryption},
    Author      =   {Alagic, Gorjan and Broadbent, Anne and Fefferman, Bill and Gagliardoni, Tommaso and Schaffner, Christian and St.~Jules, Michael},
    Year        =   {2016},
    Booktitle   =   icits2016,
    Pages       =   {47--71},
    DOI         =   {10.1007/978-3-319-49175-2\_3},
}

@InProceedings{GGM84,
    Title       =   {How to construct Random functions},
    Author      =   {Goldreich, Oded and Goldwasser, Shafi and Micali, Silvio},
    Year        =   {1984},
    Booktitle   =   focs84,
    Pages       =   {464--479},
    DOI         =   {10.1109/SFCS.1984.715949},
}

@Book{AB09,
    Title       =   {Computational complexity: a modern approach},
    Author      =   {Arora, Sanjeev and Barak, Boaz},
    Year        =   {2009},
    Publisher   =   {Cambridge University Press},
}

@Article{Che17,
    Title       =   {Cryptography Standards in Quantum Time: New Wine in an Old Wineskin?},
    Author      =   {L. Chen},
    Year        =   {2017},
    Journal     =   IEEEsecpriv,
    Volume      =   {15},
    Number      =   {4},
    Pages       =   {51--57},
    DOI         =   {10.1109/MSP.2017.3151339},
}

@Article{CD08,
    Title       =   {A linearization of {Connes}' embedding Problem},
    Author      =   {Collins, Beno{\^i}t and Dykema, Ken},
    Year        =   {2008},
    Journal     =   nyjm,
    Volume      =   {14},
    Pages       =   {617--641},
}
% 2019-01-22: No DOI found for this entry.
% Webpage: emis.ams.org/journals/NYJM.j/2008/14-28.html

@Article{Con76,
    Title       =   {Classification of Injective Factors Cases {$\textrm{II}_\lambda$}, {$\textrm{II}_\infty$}, {$\textrm{III}_\lambda$}, {$\lambda \not= 1$}},
    Author      =   {Connes, A.},
    Year        =   {1976},
    Journal     =   annmath,
    Volume      =   {104},
    Number      =   {1},
    Pages       =   {73--115},
    DOI         =   {10.2307/1971057},
}

@InProceedings{HK18,
    Title       =   {The Hidden Subgroup Problem and Post-quantum Group-Based Cryptography},
    Author      =   {Horan, Kelsey and Kahrobaei, Delaram},
    Year        =   {2018},
    Booktitle   =   icms2018,
    Pages       =   {218--226},
    DOI         =   {10.1007/978-3-319-96418-8\_26},
}

@Misc{KMK18arxiv,
    Title       =   {Some applications of arithmetic groups in cryptography},
    Author      =   {Kahrobaei, Delaram and Mallahl-Karai, Kelvan},
    Year        =   {2018},
    EPrint      =   {arXiv:1803.11528v1},
    Note        =   {Available at \url{https://arxiv.org/abs/1803.11528v1}.},
}

@Article{Kit97,
    Title       =   {Quantum computations: algorithms and error correction},
    Author      =   {Kitaev, A. Yu.},
    Year        =   {1997},
    Journal     =   rms,
    Volume      =   {52},
    Number      =   {6},
    Pages       =   {1191--1249},
    DOI         =   {10.1070/RM1997v052n06ABEH002155},
}

@Article{Tsi93,
    Title       =   {Some results and problems on quantum {B}ell-type inequalities},
    Author      =   {Tsirelson, B. S.},
    Year        =   {1993},
    Journal     =   hjs,
    Volume      =   {8},
    Pages       =   {329--345},
}
% 2019-02-02: No DOI found for this entry.
% 2019-02-02: GSC reports Number={4}, but this cannot be confirmed.
% 2019-02-02: https://www.tau.ac.il/~tsirel/download/hadron.html

@Misc{SW08arxiv,
    Title       =   {{T}sirelson's Problem},
    Author      =   {Scholz, V. B. and Werner, R. F.},
    Year        =   {2008},
    EPrint      =   {arXiv:0812.4305v1},
    Note        =   {Available at \url{https://arxiv.org/abs/0812.4305v1}.},
}

@Article{JNP+11,
    Title       =   {{C}onnes' embedding problem and {T}sirelson's problem},
    Author      =   {Junge, M. and Navascues, M. and Palazuelos, C. and Perez-Garcia, D. and Scholz, V. B. and Werner, R. F.},
    Year        =   {2011},
    Journal     =   jmp,
    Volume      =   {52},
    Number      =   {1},
    Pages       =   {012102},
    DOI         =   {10.1063/1.3514538},
}

@Article{SV18,
    Title       =   {Entanglement in non-local games and the hyperlinear profile of groups},
    Author      =   {Slofstra, William and Vidick, Thomas},
    Year        =   {2018},
    Journal     =   ahp,
    Volume      =   {19},
    Number      =   {10},
    Pages       =   {2979--3005},
    DOI         =   {10.1007/s00023-018-0718-y},
}

@Misc{Slo16arxiv,
    Title       =   {Tsirelson's problem and an embedding theorem for groups arising from non-local games},
    Author      =   {Slofstra, William},
    Year        =   {2016},
    EPrint      =   {arXiv:1606.03140v2},
    Note        =   {Available at \url{https://arxiv.org/abs/0812.4305v1}.},
}

@Article{PWP+08,
    Title       =   {Unbounded Violation of Tripartite {B}ell Inequalities},
    Author      =   {P{\'e}rez-Garc{\'\i}a, D. and Wolf, M. M. and Palazuelos, C. and Villanueva, I. and Junge, M.},
    Year        =   {2008},
    Journal     =   cmp,
    Volume      =   {279},
    Number      =   {2},
    Pages       =   {455--486},
    DOI         =   {10.1007/s00220-008-0418-4},
}

@Article{JP11,
    Title       =   {Large violation of {B}ell inequalities with low entanglement},
    Author      =   {Junge, Marius and Palazuelos, Carlos},
    Year        =   {2011},
    Journal     =   cmp,
    Volume      =   {306},
    Number      =   {3},
    Pages       =   {695--746},
    DOI         =   {10.1007/s00220-011-1296-8},
}

@InProceedings{NV17,
    Title       =   {A quantum linearity test for robustly verifying entanglement},
    Author      =   {Natarajan, Anand and Vidick, Thomas},
    Year        =   {2017},
    Booktitle   =   stoc17,
    Pages       =   {1003--1015},
    DOI         =   {10.1145/3055399.3055468},
}

@InProceedings{HPS+17,
    Title       =   {Choosing parameters for {\texttt{{NTRUE}ncrypt}}},
    Author      =   {Hoffstein, Jeff and Pipher, Jill and Schanck, John M. and Silverman, Joseph H. and Whyte, William and Zhang, Zhenfei},
    Year        =   {2017},
    Booktitle   =   ctrsa2017,
    Pages       =   {3--18},
    DOI         =   {10.1007/978-3-319-52153-4\_1},
}

@InProceedings{HPS98,
    Title       =   {{NTRU}: A ring-based public key cryptosystem},
    Author      =   {Hoffstein, Jeffrey and Pipher, Jill and Silverman, Joseph H},
    Year        =   {1998},
    Booktitle   =   ants1998,
    Pages       =   {267--288},
    DOI         =   {10.1007/BFb0054868},
}

@InProceedings{BCLV17,
    Title       =   {{NTRU} {P}rime: reducing attack surface at low cost},
    Author      =   {Bernstein, Daniel J. and Chuengsatiansup, Chitchanok and Lange, Tanja and van Vredendaal, Christine},
    Year        =   {2017},
    Booktitle   =   sac2017,
    Pages       =   {235--260},
    DOI         =   {10.1007/978-3-319-72565-9\_12},
}

@InProceedings{LP11,
    Title       =   {Better key sizes (and attacks) for LWE-based encryption},
    Author      =   {Lindner, Richard and Peikert, Chris},
    Year        =   {2011},
    Booktitle   =   ctrsa2011,
    Pages       =   {319--339},
    DOI         =   {10.1007/978-3-642-19074-2\_21},
}

@Article{NKM10,
    Title       =   {{NTRU} over rings beyond {$\mathbb{Z}$}},
    Author      =   {Nevins, Monica and Karimianpour, Camelia and Miri, Ali},
    Year        =   {2010},
    Journal     =   dcc,
    Volume      =   {56},
    Number      =   {1},
    Pages       =   {65--78},
    DOI         =   {10.1007/s10623-009-9342-7},
}

@InCollection{McE78,
    Title       =   {A public-key cryptosystem based on algebraic coding theory},
    Author      =   {Mc{E}liece, Robert J.},
    Year        =   {1978},
    Booktitle   =   {The Deep Space Network Profess Report 42-44},
    Pages       =   {114--116},
    Note        =   {Technical report, NASA, \url{https://ntrs.nasa.gov/archive/nasa/casi.ntrs.nasa.gov/19780016269.pdf}},
}

@InProceedings{ABDFS08,
    Title       =   {The Power of Unentanglement},
    Author      =   {Aaronson, Scott and Beigi, Salman and Drucker, Andrew and Fefferman, Bill and Shor, Peter},
    Year        =   {2008},
    Booktitle   =   ccc08,
    Pages       =   {223--236},
    DOI         =   {10.1109/CCC.2008.5},
}

@Article{VW16,
    Title       =   {Quantum Proofs},
    Author      =   {Vidick, Thomas and Watrous, John},
    Year        =   {2016},
    Journal     =   fttcs,
    Volume      =   {11},
    Number      =   {1--2},
    Pages       =   {1--215},
    DOI         =   {10.1561/0400000068},
}
% 20190209-slord: See also https://ieeexplore.ieee.org/document/8186772?arnumber=8186772
% 20190209-slord: See also https://www.nowpublishers.com/article/Details/TCS-068

@Article{For94,
    Title       =   {The Role of Relativization in Complexity Theory},
    Author      =   {Fortnow, Lance},
    Year        =   {1994},
    Journal     =   {Bulletin of the EATCS},
    Volume      =   {52},
    Pages       =   {229--243},
}
% 20190209-slord: No DOI found for this entry.

@Article{KKVB02,
    Title       =   {Comparison of quantum oracles},
    Author      =   {Kashefi, Elham and Kent, Adrian and Vedral, Vlatko and Banaszek, Konrad},
    Year        =   {2002},
    Journal     =   pra,
    Volume      =   {65},
    Number      =   {5},
    Pages       =   {050304},
    DOI         =   {10.1103/PhysRevA.65.050304},
}

@Book{Woi17,
    Title       =   {Quantum Theory, Groups and Representations},
    Author      =   {Woit, Peter},
    Year        =   {2017},
    Publisher   =   {Springer},
    DOI         =   {10.1007/978-3-319-64612-1},
}

@Misc{Cran16,
    Title       =   {Representation Theory in Quantum Information},
    Author      =   {Crann, Jason},
    Year        =   {2016},
    Note        =   {Lecture notes from a course given at the University of Waterloo. Available at \url{https://uwaterloo.ca/institute-for-quantum-computing/sites/ca.institute-for-quantum-computing/files/uploads/files/rep_theory_in_qi_-_lecture_notes_3.pdf}.},
}
% 20190209-slord: See also https://uwaterloo.ca/institute-for-quantum-computing/programs/graduate-studies/current-courses/qic-890891-selected-advanced-topics-quantum-information-2

@Article{CN16,
    Title       =   {Random matrix techniques in quantum information theory},
    Author      =   {Collins, Beno{\^{i}}t and Nechita, Ion},
    Year        =   {2016},
    Journal     =   jmp,
    volume      =   {57},
    Number      =   {1},
    Pages       =   {015215},
    DOI         =   {10.1063/1.4936880},
}

@MastersThesis{Lor19,
    Title       =   {Uncloneable Quantum Encryption via Random Oracles},
    Author      =   {Lord, S\'ebastien},
    Year        =   {2019},
    School      =   {University of Ottawa},
    DOI         =   {10.20381/ruor-23107},
}

@Article{Dir39,
    Title       =   {A New Notation for Quantum Mechanics},
    Author      =   {Dirac, Paul Adrian Maurice},
    Year        =   {1939},
    Journal     =   mpcps,
    Volume      =   {35},
    Number      =   {3},
    Pages       =   {416--418},
    DOI         =   {10.107/S0305004100021162},
}

@Misc{VZ19arxiv,
    Title       =   {Classical zero-knowledge arguments for quantum computations},
    Author      =   {Vidick, Thomas and Zhang, Tina},
    Year        =   {2019},
    EPrint      =   {arXiv:1902.05217},
    Note        =   {Available at \url{https://arxiv.org/abs/1902.05217}.},
}

@Misc{Gri17arxiv,
    Title       =   {Relativistic verifiable delegation of quantum computation},
    Author      =   {Grilo, Alex B.},
    Year        =   {2017},
    EPrint      =   {arXiv:1711.09585},
    Note        =   {Available at \url{https://arxiv.org/abs/1711.09585}.},
}

@InProceedings{Ji16,
    Title       =   {Classical verification of quantum proofs},
    Author      =   {Ji, Zhengfeng},
    Year        =   {2016}, 
    Booktitle   =   stoc16,
    Pages       =   {885--898},
    DOI         =   {10.1145/2897518.2897634},
}

@InProceedings{CM14,
    Title       =   {Complexity Classification of Local {H}amiltonian Problems},
    Author      =   {Cubitt, Tony S. and Montanaro, Ashley},
    Year        =   {2014}, 
    Booktitle   =   focs14,
    Pages       =   {120--129},
    DOI         =   {10.1109/FOCS.2014.21},
}

@InProceedings{Mah18,
    Title       =   {Classical Verification of Quantum Computations},
    Author      =   {Mahadev, Urmila},
    Year        =   {2018},
    Booktitle   =   focs18,
    Pages       =   {259--267},
    DOI         =   {10.1109/FOCS.2018.00033},
}

@InProceedings{Mah18b,
    Title       =   {Classical Homomorphic Encryption for Quantum Circuits},
    Author      =   {Mahadev, Urmila},
    Year        =   {2018},
    Booktitle   =   focs18,
    Pages       =   {332--338},
    DOI         =   {10.1109/FOCS.2018.00039},
}

@InProceedings{BCM+18,
    Title       =   {A Cryptographic Test of Quantumness and Certifiable Randomness from a Single Quantum Device},
    Author      =   {Brakerski, Zvika and Christiano, Paul and Mahadev, Urmila and Vazirani, Umesh and Vidick, Thomas},
    Year        =   {2018},
    Booktitle   =   focs18,
    Pages       =   {320--331},
    DOI         =   {10.1109/FOCS.2018.00038},
}

@Article{CM16,
    Title       =   {Complexity Classification of Local {H}amiltonian Problems},
    Author      =   {Cubitt, Toby and Montanaro, Ashley},
    Year        =   {2016},
    Journal     =   siamjc,
    Volume      =   {45},
    Number      =   {2},
    Pages       =   {268--316},
    DOI         =   {10.1137/140998287},
}

@Article{Wat09b,
    Title       =   {Zero-knowledge against quantum attacks},
    Author      =   {Watrous, John},
    Year        =   {2009}, 
    Journal     =   siamjc,
    Volume      =   {39},
    Number      =   {1},
    Pages       =   {25--58},
    DOI         =   {10.1137/060670997},
}

@InProceedings{GYZ17,
    Title       =   {New Security Notions and Feasibility Results For Authentication of Quantum Data},
    Author      =   {Garg, Sumegha and Yuen, Henry and Zhandry, Mark},
    Year        =   {2017},
    Booktitle   =   crypto17,
    Volume      =   {2},
    Pages       =   {342--371},
    DOI         =   {10.1007/978-3-319-63715-0\_12},
}

@Article{Bro18,
    Title       =   {How to Verify a Quantum Computation},
    Author      =   {Broadbent, Anne},
    Year        =   {2018},
    Journal     =   toc,
    Volume      =   {14},
    Number      =   {1},
    Pages       =   {1--37},
    DOI         =   {10.4086/toc.2018.v014a011},
}

@Article{Ved12,
    Title       =   {Moving beyond trust in quantum computing},
    Author      =   {Vedral, Vlatko},
    Year        =   {2012},
    Journal     =   sci,
    Volume      =   {335},
    Number      =   {6066},
    Pages       =   {294--295},
    DOI         =   {10.1126/science.1216922},
}

@Article{BB15,
    Title       =   {Quantum private information retrieval has linear communication complexity},
    Author      =   {Baumeler, {\"A}min and Broadbent, Anne},
    Year        =   {2015},
    Journal     =   jcryp,
    Volume      =   {28},
    Number      =   {1},
    Pages       =   {161--175},
    DOI         =   {10.1007/s00145-014-9180-2},
}

@Article{BMF+16,
    Title       =   {Finite-key security analysis for multilevel quantum key distribution},
    Author      =   {Br{\'a}dler, Kamil and Mirhosseini, Mohammad and Fickler, Robert and Broadbent, Anne and Boyd, Robert},
    Year        =   {2016},
    Journal     =   njp,
    Volume      =   {18},
    Number      =   {7},
    Pages       =   {073030},
    DOI         =   {10.1088/1367-2630/18/7/073030},
}

@Article{BBH+13,
    Title       =   {Classical, quantum and nonsignalling resources in bipartite games},
    Author      =   {Brassard, Gilles and Broadbent, Anne and H{\"a}nggi, Esther and M{\'e}thot, Andr{\'e} Allan and Wolf, Stefan},
    Year        =   {2013},
    Journal     =   tcs,
    Volume      =   {486},
    Pages       =   {61--72},
    DOI         =   {10.1016/j.tcs.2012.12.017},
}

@Article{BBT05,
    Title       =   {Quantum pseudo-telepathy},
    Author      =   {Brassard, Gilles and Broadbent, Anne and Tapp, Alain},
    Year        =   {2005},
    Journal     =   fp,
    Volume      =   {35},
    Number      =   {11},
    Pages       =   {1877--1907},
    DOI         =   {10.1007/s10701-005-7353-4},
}

@article{VV14b,
    Title       =   {Fully Device-Independent Quantum Key Distribution},
    Author      =   {Vazirani, Umesh and Vidick, Thomas},
    Year        =   {2014},
    Journal     =   {Physical Review Letters},
    Volume      =   {113},
    Number      =   {14},
    Pages       =   {140501},
    DOI         =   {10.1103/PhysRevLett.113.140501},
}

@InProceedings{AGM18,
    Title       =   {Unforgeable quantum encryption},
    Author      =   {Alagic, Gorjan and Gagliardoni, Tommaso and Majenz, Christian},
    Year        =   {2018},
    Booktitle   =   eurocrypt18,
    Volume      =   {3},
    Pages       =   {489--519},
    DOI         =   {10.1007/978-3-319-78372-7\_16},
}

@Article{TL17,
    Title       =   {A largely self-contained and complete security proof for quantum key distribution},
    Author      =   {Tomamichel, Marco and Leverrier, Anthony},
    Year        =   {2017},
    Journal     =   {Quantum},
    Volume      =   {1},
    Pages       =   {14},
    DOI         =   {10.22331/q-2017-07-14-14},
}

@Misc{BGZ18arxiv,
    Title       =   {Towards Quantum One-Time Memories from Stateless Hardware},
    Author      =   {Broadbent, Anne and Gharibian, Sevag and Zhou, Hong-Sheng},
    Year        =   {2018},
    EPrint      =   {arXiv:1810.05226},
    Note        =   {Available at \url{https://arxiv.org/abs/1810.05226}.},
}

@Article{Lan96,
    Title       =   {The physical nature of information},
    Author      =   {Landauer, Rolf},
    Year        =   {1996},
    Journal     =   phyla,
    Volume      =   {217},
    Number      =   {4-5},
    Pages       =   {188--193},
    DOI         =   {10.1016/0375-9601(96)00453-7},
}

@InProceedings{PS05,
    Title       =   {Unconditional Characterizations of Non-interactive Zero-Knowledge},
    Author      =   {Pass, Rafael and Shelat, Abhi},
    Year        =   {2005},
    Booktitle   =   crypto2005,
    Pages       =   {118--134},
    DOI         =   {10.1007/11535218\_8},
}

@Misc{BJM19iacr,
    Title       =   {Agree-and-Prove: Generalized Proofs Of Knowledge and Applications},
    Author      =   {Badertscher, Christian and Jost, Daniel and Maurer, Ueli},
    Year        =   {2019},
    EPrint      =   {IACR:2019/662},
    Note        =   {Available at \url{https://eprint.iacr.org/2019/662}.},
}

@InProceedings{CDS94,
    Title       =   {Proofs of Partial Knowledge and Simplified Design of Witness Hiding Protocols},
    Author      =   {Cramer, Ronald Cramer and Damg{\aa}rd, Ivan and Schoenmakers, Berry},
    Year        =   {1994},
    Booktitle   =   crypto1994,
    Pages       =   {174--187},
    DOI         =   {10.1007/3-540-48658-5\_19},
}

@InProceedings{XXW13,
    Title       =   {Zero Knowledge Proofs from Ring-{LWE}},
    Author      =   {Xie, Xiang and Xue, Rui and Wang, Minqian},
    Year        =   {2013},
    Booktitle   =   cans2013,
    Pages       =   {57--73},
    DOI         =   {10.1007/978-3-319-02937-5\_4},
}
 
@InProceedings{JKPT12,
    Title       =   {Commitments and Efficient Zero-Knowledge Proofs from Learning Parity with Noise},
    Author      =   {Jain, Abhishek and Krenn, Stephan and Pietrzak, Krzysztof and Tentes, Aris},
    Year        =   {2012},
    Booktitle   =   asiacrypt12,
    Pages       =   {663--680},
    DOI         =   {10.1007/978-3-642-34961-4\_40},
}

@InProceedings{BKLP15,
    Title       =   {Efficient Zero-Knowledge Proofs for Commitments from Learning with Errors over Rings},
    Author      =   {Benhamouda, Fabrice and Krenn, Stephan and Lyubashevsky, Vadim and Pietrzak, Krzysztof},
    Year        =   {2015},
    Booktitle   =   esorics2015,
    Volume      =   {I},
    Pages       =   {305--325},
    DOI         =   {10.1007/978-3-319-24174-6\_16},
}

@Misc{GSY19arxiv,
    Title       =   {Perfect zero knowledge for quantum multiprover interactive proofs},
    Author      =   {Grilo, Alex B. and Slofstra, William and Yuen, Henry},
    Year        =   {2019},
    EPrint      =   {arXiv:1905.11280},
    Note        =   {Available at \url{https://arxiv.org/abs/1905.11280}.},
}

@InProceedings{KLGN15,
    Title       =   {Generalized Quantum {A}rthur-{M}erlin Games},
    Author      =   {Kobayashi, Hirotada and Le Gall, Fran{\c{c}}ois and Nishimura, Harumichi},
    Year        =   {2015},
    Booktitle   =   ccc15,
    Pages       =   {488--511},
    DOI         =   {10.4230/LIPIcs.CCC.2015.488},
}

@Article{KLGN19,
    Title       =   {Generalized Quantum {A}rthur-{M}erlin Games},
    Author      =   {Kobayashi, Hirotada and Le Gall, Fran{\c{c}}ois and Nishimura, Harumichi},
    Year        =   {2019},
    Journal     =   siamjc,
    Volume      =   {48},
    Number      =   {3},
    Pages       =   {865--902},
    DOI         =   {10.1137/17M1160173},
}

@InProceedings{FS87,
    Title       =   {How to Prove Yourself: Practical Solutions to Identification and Signature Problems},
    Author      =   {Fiat, Amos and Shamir, Adi},
    Year        =   {1987},  
    Booktitle   =   crypto1986,
    Pages       =   {186--194},
    DOI         =   {10.1007/3-540-47721-7\_12},
}
% 20190903-slord: The CRYPTO 1986 proceedings were published in 1987.

@InProceedings{Ji17,
    Title       =   {Compression of quantum multi-prover interactive proofs},
    Author      =   {Ji, Zhengfeng},
    Year        =   {2017},
    Booktitle   =   stoc17,
    Pages       =   {289--302},
    DOI         =   {10.1145/3055399.3055441},
}

@inproceedings{FJVY19,
    Title       =   {Quantum proof systems for iterated exponential time, and beyond},
    Author      =   {Fitzsimons, Joseph and Ji, Zhengfeng and Vidick, Thomas and Yuen, Henry},
    Year        =   {2019},
    Booktitle   =   stoc19,
    Pages       =   {473--480},
    DOI         =   {10.1145/3313276.3316343},
}

@InProceedings{BG93,
    Title       =   {On Defining Proofs of Knowledge},
    Author      =   {Bellare, Mihir and Goldreich, Oded},
    Year        =   {1993},
    Booktitle   =   crypto1992,
    Pages       =   {390--420},
    DOI         =   {10.1007/3-540-48071-4\_28},
}
% 20190903-slord: The CRYPTO 1992 proceedings were published in 1993.

@Misc{BL19arxiv,
    Title       =   {Uncloneable Quantum Encryption via Oracles},
    Author      =   {Broadbent, Anne and Lord, S\'ebastien},
    Year        =   {2019},
    EPrint      =   {arXiv:1903.00130},
    Note        =   {Available at \url{https://arxiv.org/abs/1903.00130}.},
}

@InProceedings{SW14,
    Title       =   {How to use indistinguishability obfuscation: deniable encryption, and more},
    Author      =   {Sahai, Amit and Waters, Brent},
    Booktitle   =   stoc14,
    Year        =   {2014},
    Pages       =   {475--484},
    DOI         =   {10.1145/2591796.2591825},
}

@InProceedings{BZ14,
    Title       =   {Multiparty Key Exchange, Efficient Traitor Tracing, and More from Indistinguishability Obfuscation},
    Author      =   {Boneh, Dan and Zhandry, Mark},
    Booktitle   =   crypto2014,
    Volume      =   {I},
    Year        =   {2014},
    Pages       =   {480--499},
    Doi         =   {10.1007/978-3-662-44371-2\_27},
}

@InProceedings{CLTV15,
    Title       =   {Obfuscation of Probabilistic Circuits and Applications},
    Author      =   {Canetti, Ran, and Lin, Huijia and Tessaro, Stefano and Vaikuntanathan, Vinod},
    Year        =   {2015},
    Booktitle   =   tcc2015,
    Volume      =   {II},
    Pages       =   {468--497},
    DOI         =   {10.1007/978-3-662-46497-7\_19},
}

@InProceedings{BP15,
    Title       =   {{ZAP}s and Non-Interactive Witness Indistinguishability from Indistinguishability Obfuscation},
    Author      =   {Bitansky, Nir and Paneth, Omer},
    Booktitle   =   tcc2015,
    Volume      =   {II},
    Pages       =   {401--427},
    Year        =   {2015},
    DOI         =   {10.1007/978-3-662-46497-7\_16},
}

@Article{AG04,
    Title       =   {Improved simulation of stabilizer circuits},
    Author      =   {Scott Aaronson and Daniel Gottesman},
    Year        =   {2004},
    Journal     =   phyra,
    Volume      =   {70},
    Number      =   {5},
    Pages       =   {052328},
    DOI         =   {10.1103/PhysRevA.70.052328},
}

@InProceedings{AJJ14,
    Title       =   {Circuit Obfucation Using Braids},
    Author      =   {Alagic, Gorjan, and Jeffery, Stacey and Jordan, Stephan},
    Year        =   {2014},
	Booktitle   =   tqc14,
    Pages       =   {141--160},
    DOI         =   {10.4230/LIPIcs.TQC.2014.141},
}

@Article{TR11,
    Title       =   {Uncertainty Relation for Smooth Entropies},
    Author      =   {Tomamichel, Marco and Renner, Renato},
    Year        =   {2011},
    Journal     =   phyrevl,
    Volume      =   {106},
    Number      =   {11},
    DOI         =   {10.1103/PhysRevLett.106.110506},
}

@Article{PLWC16,
    Title       =   {Sifting attacks in finite-size quantum key distribution},
    Author      =   {Pfister, Corsin and L\"{u}tkenhaus, Norbert and Wehner, Stephanie and Coles, Patrick J.},
    Year        =   {2016},
    Journal     =   njp,
    Volume      =   {18},
    Number      =   {5},
    Pages       =   {053001},
    DOI         =   {10.1088/1367-2630/18/5/053001},
}

@Article{Ser74,
    Title       =   {Probability Inequalities for the Sum in Sampling without Replacement},
    Author      =   {Serfling, R. J.},
    Year        =   {1974},
    Journal     =   annstat,
    Volume      =   {2},
    Number      =   {1},
    Pages       =   {39--48},
    DOI         =   {10.1214/aos/1176342611},
}

@Article{FM18,
    Title       =   {Local randomness: Examples and application},
    Author      =   {Fu, Honghao and Miller, Carl A.},
    Year        =   {2018},
    Journal     =   phyra,
    Volume      =   {97},
    Number      =   {3},
    Pages       =   {032324},
    DOI         =   {10.1103/PhysRevA.97.032324},
}

@Misc{CW19arxiv,
    Title       =   {Proving Erasure},
    Author      =   {Xavier Coiteux{-}Roy and Stefan Wolf},
    Year        =   {2019},
    eprint      =   {arXiv:1902.06656},
    Note        =   {Available at \url{https://arxiv.org/abs/1903.00130}.},
}

@Article{WC81,
    Title       =   {New hash functions and their use in authentication and set equality},
    Author      =   {Wegman, Mark N. and Carter, J.Lawrence},
    Year        =   {1981},
    Journal     =   jcss,
    Volume      =   {22},
    Number      =   {3},
    Pages       =   {265--279},
    DOI         =   {10.1016/0022-0000(81)90033-7},
}

@PhdThesis{Tom12,
    Title       =   {A Framework for Non-Asymptotic Quantum Information Theory},
    Author      =   {Tomamichel, Marco},
    Year        =   {2012},
    School      =   {ETH Zurich},
    DOI         =   {10.3929/ethz-a-7356080},
}

@Book{Tom15,
    Title       =   {Quantum Information Processing with Finite Resources: {M}athematical Foundations},
    Author      =   {Tomamichel, Marco},
    Year        =   {2015},
    Publisher   =   {Springer},
    DOI         =   {10.1007/978-3-319-21891-5},
}

@Article{KRS09,
    Title       =   {The operational meaning of min- and max-entropy},
    Author      =   {K{\"o}nig, Robert and Renner, Renato and Schaffner, Christian},
    Year        =   {2009},
    Journal     =   ieeetit,
    Volume      =   {55},
    Number      =   {9},
    Pages       =   {4337--4347},
    DOI         =   {10.1109/TIT.2009.2025545},
}

@Article{TCR10,
    Title       =   {Duality between smooth min-and max-entropies},
    Author      =   {Tomamichel, Marco and Colbeck, Roger and Renner, Renato},
    Year        =   {2010},
    Journal     =   ieeetit,
    Volume      =   {56},
    Number      =   {9},
    Pages       =   {4674--4681},
    DOI         =   {10.1109/TIT.2010.2054130},
}

@Book{vLvdG12,
    Title       =   {Introduction to Coding Theory and Algebraic Geometry},
    Author      =   {van Lint, Jacobus H. and van der Geer, Gerard},
    Year        =   {2012},
    Publisher   =   {Birkh{\"a}user Basel},
    DOI         =   {10.1007/978-3-0348-9286-5},
}

@InProceedings{Ren61,
    Title       =   {On measures of entropy and information},
    Author      =   {R{\'e}nyi, Alfr{\'e}d},
    Year        =   {1961},
    Booktitle   =   {Proceedings of the Fourth Berkeley Symposium on Mathematical Statistics and Probability},
    Volume      =   {1},
    Pages       =   {547--561},
}
% 20190924-slord: No DOI found for this entry.

@Misc{BGZ19arxiv,
    Title       =   {Towards Quantum One-Time Memories from Stateless Hardware},
    Author      =   {Broadbent, Anne and Gharibian, Sevag and Zhou, Hong-Sheng},
    Year        =   {2018},
    Eprint      =   {arXiv:1810.05226},
    Note        =   {Available at \url{https://arxiv.org/abs/1810.05226}.},
}

@InProceedings{AR03,
    Title       =   {A Lattice Problem in Quantum {NP}},
    Author      =   {Aharonov, Dorit and Regev, Oded},
    Year        =   {2003},
    Booktitle   =   focs03,
    Pages       =   {210--219},
    DOI         =   {10.1109/SFCS.2003.1238195},
}

@Article{Pit91,
    Title       =   {Correlation polytopes: their geometry and complexity},
    Author      =   {Pitowsky, Itamar},
    Year        =   {1991},
    Journal     =   {Mathematical Programming},
    Volume      =   {50},
    Number      =   {1--3},
    Pages       =   {395--414},
    DOI         =   {10.1007/BF01594946},
}

@InProceedings{Gri19,
    Title       =   {A Simple Protocol for Verifiable Delegation of Quantum Computation in One Round},
    Author      =   {Grilo, Alex B.},
    Year        =   {2019},
    Booktitle   =   icalp2019,
    Pages       =   {28},
    DOI         =   {10.4230/LIPIcs.ICALP.2019.28},
}

@Misc{DK18,
    Title       =   {Proofs of Ignorance and Applications to 2-Message Witness Hiding},
    Author      =   {Deshpande, Apoorvaa and Kalai, Yael},
    Year        =   {2018},
    EPrint      =   {IACR:2018/896},
    Note        =   {Available at \url{https://eprint.iacr.org/2018/896}.},
}

@inproceedings{Liu06,
    Title       =   {Consistency of Local Density Matrices Is {QMA}-Complete},
    Author      =   {Liu, Yi{-}Kai},
	Year        =   {2006},
    Booktitle   =   {9th International Workshop on Approximation Algorithms for Combinatorial Optimization Problems---{APPROX} 2006 and 10th International Workshop on Randomization and Computation---{RANDOM} 2006},
    Pages       =   {438--449},
    DOI         =   {10.1007/11830924\_40},
}

@Article{Wer98,
    Title       =   {Optimal cloning of pure states},
    Author      =   {Werner, R. F.},
    Year        =   {1998},
    Journal     =   phyra,
    Volume      =   {58},
    Number      =   {3},
    Pages       =   {1827},
    DOI         =   {10.1103/PhysRevA.58.1827},
}

@Misc{BI19arxiv,
    Title       =   {Quantum Encryption with Certified Deletion},
    Author      =   {Broadbent, Anne and Islam, Rabib},
    Year        =   {2019},
    Eprint      =   {arXiv:1910.03551},
    Note        =   {Available at \url{https://arxiv.org/abs/1910.03551}.},
}

@Article{BDE+98,
    Title       =   {Optimal universal and state-dependent quantum cloning},
    Author      =   {Bru{\ss}, Dagmar and DiVincenzo, David P and Ekert, Artur and Fuchs, Christopher A and Macchiavello, Chiara and Smolin, John A},
    Year        =   {1998}, 
    Journal     =   phyra,
    Volume      =   {57},
    Number      =   {4},
    Pages       =   {2368},
    DOI         =   {10.1103/PhysRevA.57.2368},
}

@Article{FH18,
    Title       =   {Approximate randomized benchmarking for finite groups},
    Author      =   {Fran{\c{c}}a, Daniel Stilck and Hashagen, AK},
    Year        =   {2018},
    Journal     =   jphysa,
    Volume      =   {51},
    Number      =   {39},
    Pages       =   {395302},
    DOI         =   {10.1088/1751-8121/aad6fa},
}

@Article{MW05,
    Title       =   {Quantum {A}rthur--{M}erlin games},
    Author      =   {Marriott, Chris and Watrous, John},
    Year        =   {2005},
    Journal     =   cc,
    Volume      =   {14},
    Number      =   {2},
    Pages       =   {122--152},
    DOI         =   {10.1007/s00037-005-0194-x},
}

@Article{KR03,
    Title       =   {$3$-local {H}amiltonian is {QMA}-complete},
    Author      =   {Kempe, Julia and Regev, Oded},
    Year        =   {2003},
    Journal     =   qic,
    Volume      =   {3},
    Number      =   {3},
    Pages       =   {258--264},
}
% 20191028-slord: qic does not give a url or doi to individual articles.

@Article{KKR06,
    Title       =   {The complexity of the local {H}amiltonian problem},
    Author      =   {Kempe, Julia and Kitaev, Alexei and Regev, Oded},
    Year        =   {2006},
    Journal     =   siamjc,
    Volume      =   {35},
    Number      =   {5},
    Pages       =   {1070--1097},
    DOI         =   {10.1137/S0097539704445226},
}

@Inproceedings{KW00,
    Title       =   {Parallelization, amplification, and exponential time simulation of quantum interactive proof systems},
    Author      =   {Kitaev, Alexei and Watrous, John},
    Year        =   {2000},
    Booktitle   =   stoc00,
    Pages       =   {608--617},
    DOI         =   {10.1145/335305.335387},
}


@Article{FHM18,
    Title       =   {Post hoc verification of quantum computation},
    Author      =   {Fitzsimons, Joseph F. and Hajdu{\v{s}}ek, Michal and Morimae, Tomoyuki},
    Year        =   {2018},
    Journal     =   phyrevl,
    Volume      =   {120},
    Number      =   {4},
    Pages       =   {040501},
    DOI         =   {PhysRevLett.120.040501},
}

@Misc{Boo12arxiv,
    Title       =   {{QMA}-complete problems},
    Author      =   {Booktatz, Adam D.},
    Year        =   {2012},
    Note        =   {Available at \url{https://arxiv.org/abs/1212.6312}.},
}

@Article{Boo14,
    Title       =   {{QMA}-complete problems},
    Author      =   {Bookatz, Adam D},
    Year        =   {2014},
    Journal     =   qic,
    Volume      =   {14},
    Number      =   {5\&6},
    Pages       =   {361--383},
}
% 20191028-slord: qic does not give a url or doi to individual articles.

@Article{LCV07,
    Title       =   {Quantum computational complexity of the ${N}$-representability problem: {QMA} complete},
    Author      =   {Liu, Yi-Kai and Christandl, Matthias and Verstraete, Frank},
    Year        =   {2007},
    Journal     =   phyrevl,
    Volume      =   {98},
    Number      =   {11},
    Pages       =   {110503},
    DOI         =   {10.1103/PhysRevLett.98.110503}
}

@Article{WMN10,
    Title       =   {Interacting boson problems can be {QMA} hard},
    Author      =   {Wei, Tzu-Chieh and Mosca, Michele and Nayak, Ashwin},
    Year        =   {2010},
    Journal     =   phyrevl,
    Volume      =   {104},
    Number      =   {4},
    Pages       =   {040501},
    DOI         =   {10.1103/PhysRevLett.104.040501},
}

@Article{SV09,
    Title       =   {Computational complexity of interacting electrons and fundamental limitations of density functional theory},
    Author      =   {Schuch, Norbert and Verstraete, Frank},
    Year        =   {2009},
    Journal     =   natphys,
    Volume      =   {5},
    Number      =   {10},
    Pages       =   {732},
    DOI         =   {doi.org/10.1038/nphys1370}
}

@Article{CK07arxiv,
    Title       =   {Increasing the power of the verifier in Quantum Zero Knowledge},
    Author      =   {Chailloux, Andr{\'e} and Kerenidis, Iordanis},
    Year        =   {2007},
    Note        =   {Available at \url{https://arxiv.org/abs/0711.4032}.},
}

@Article{GO94,
    Title       =   {Definitions and properties of zero-knowledge proof systems},
    Author      =   {Goldreich, Oded and Oren, Yair},
    Year        =   {1994},
    Journal     =   jcryp,
    Volume      =   {7},
    Number      =   {1},
    Pages       =   {1--32},
    DOI         =   {10.1007/BF00195207},
}

@Article{Aar09b,
    Title       =   {On perfect completeness for {QMA}},
    Author      =   {Aaronson, Scott},
    Year        =   {2009},
    Journal     =   qic,
    Volume      =   {9},
    Number      =   {1}, 
    Pages       =   {81--89},
}
% 20191028-slord: qic does not give a url or doi to individual articles.

@Article{HNN13,
    Title       =   {The local {H}amiltonian problem on a line with eight states is {QMA}-complete},
    Author      =   {Hallgren, Sean and Nagaj, Daniel and Narayanaswami, Sandeep},
    Year        =   {2013},
    Journal     =   qic,
    Volume      =   {13},
    Number      =   {9\&10},
    Pages       =   {721--750},
}
% 20191028-slord: qic does not give a url or doi to individual articles.

@Article{OT08,
    Title       =   {The complexity of quantum spin systems on a two-dimensional square lattice},
    Author      =   {Oliveira, Roberto and Terhal, Barbara M},
    Year        =   {2008},
    Journal     =   qic,
    Volume      =   {8},
    Number      =   {10},
    Pages       =   {900--924},
}
% 20191028-slord: qic does not give a url or doi to individual articles.

@Article{BC18,
    Title       =   {Analysis and limitations of modified circuit-to-{H}amiltonian constructions},
    Author      =   {Bausch, Johannes and Crosson, Elizabeth},
    Year        =   {2018},
    Journal     =   q,
    Volume      =   {2},
    Pages       =   {94},
    DOI         =   {10.22331/q-2018-09-19-94},
}

@Inproceedings{NV18,
    Title       =   {Low-degree testing for quantum states, and a quantum entangled games {PCP} for {QMA}},
    Author      =   {Natarajan, Anand and Vidick, Thomas},
    Year        =   {2018},
    Booktitle   =   focs18,
    Pages       =   {731--742},
    DOI         =   {10.1109/FOCS.2018.00075},
}

@Inproceedings{BOGG88,
    Title       =   {Everything provable is provable in zero-knowledge},
    Author      =   {Ben-Or, Michael and Goldreich, Oded and Goldwasser, Shafi and H{\aa}stad, Johan and Kilian, Joe and Micali, Silvio and Rogaway, Phillip},
    Year        =   {1988},
    Booktitle   =   crypto1988,
    Pages       =   {37--56},
    DOI         =   {10.1007/0-387-34799-2\_4},
}

@Inproceedings{Cha83,
    Title       =   {Blind signatures for untraceable payments},
    Author      =   {Chaum, David},
    Year        =   {1983},
    Booktitle   =   crypto1983,
    Pages       =   {199--203},
    DOI         =   {10.1007/978-1-4757-0602-4\_18},
}

@Article{BOG03,
    Title       =   {Trading Help for Interaction in Statistical Zero-Knowledge Proofs},
    Author      =   {Ben-Or, Michael and Gutfreund, Dan},
    Year        =   {2003},
    Journal     =   jcrypt,
    Volume      =   {16},
    Number      =   {2},
    Pages       =   {95--116},
    DOI         =   {10.1007/s00145-002-0113-0},
}

@Inproceedings{CCKV08,
    Title       =   {Interactive and noninteractive zero knowledge are equivalent in the help model},
    Author      =   {Chailloux, Andr{\'e} and Ciocan, Dragos Florin and Kerenidis, Iordanis and Vadhan, Salil},
    Year        =   {2008},
    Booktitle   =   tcc2008,
    Pages       =   {501--534},
    DOI         =   {10.1007/978-3-540-78524-8\_28},
}

@Misc{Cha19iacr,
    Title       =   {Quantum security of the {F}iat-{S}hamir transform of commit and open protocols},
    Author      =   {Chailloux, Andr{\'e}},
    Year        =   {2019},
    Note        =   {Available at \url{https://eprint.iacr.org/2019/699}.},
}

@Book{GJ90,
    Title       =   {Computers and Intractability; A Guide to the Theory of {NP}-Completeness},
    Author      =   {Garey, Michael R. and Johnson, David S.},
    Year        =   {1990},
    ISBN        =   {0716710455},
    Publisher   =   {W. H. Freeman \& Co.},
}

@Inproceedings{LZ19,
    Title       =   {Revisiting Post-quantum {F}iat-{S}hamir},
    Author      =   {Liu, Qipeng and Zhandry, Mark},
    Year        =   {2019},
    Booktitle   =   crypto2019,
    Volume      =   {II},
    Pages       =   {326--355},
    DOI         =   {10.1007/978-3-030-26951-7\_12},
}

@Inproceedings{DFMS19,
    Title       =   {Security of the {F}iat-{S}hamir Transformation in the Quantum Random-Oracle Model},
    Author      =   {Don, Jelle and Fehr, Serge and Majenz, Christian Majenz and Schaffner, Christian},
    Year        =   {2019},
    Booktitle   =   crypto2019,
    Volume      =   {II},
    Pages       =   {356--383},
    DOI         =   {10.1007/978-3-030-26951-7\_13},
}

@Inproceedings{FK18,
    Title       =   {Quantum vs.~Classical Proofs and Subset Verification},
    Author      =   {Fefferman, Bill and Kimmel, Shelby},
    Year        =   {2018},
    Booktitle   =   mfcs2018,
    Pages       =   {22},
    DOI         =   {10.4230/LIPIcs.MFCS.2018.22},
}

@inproceedings{BSCG+14,
    Title       =   {Zerocash: Decentralized anonymous payments from {B}itcoin},
    Author      =   {Ben-Sasson, Eli and Chiesa, Alessandro and Garman, Christina and Green, Matthew and Miers, Ian and Tromer, Eran and Virza, Madars},
    Year        =   {2014},
    Booktitle   =   ieeesecpriv2014,
    Pages       =   {459--474},
    DOI         =   {10.1109/SP.2014.36},
}

@Inproceedings{Kar72,
    Title       =   {Reducibility among combinatorial problems},
    Author      =   {Karp, Richard M.},
    Year        =   {1972}, 
    Booktitle   =   {Complexity of Computer Computations},
    Pages       =   {85--103},
    DOI         =   {10.1007/978-1-4684-2001-2\_9},
}

@Inproceedings{BFM88,
    Title       =   {Non-interactive zero-knowledge and its applications},
    Author      =   {Blum, Manuel and Feldman, Paul and Micali, Silvio},
    Year        =   {1988},
    Booktitle   =   stoc88,
    Pages       =   {103--112},
    DOI         =   {10.1145/62212.62222},
}

@Inproceedings{CGJV19,
    Title       =   {Verifier-on-a-Leash: New Schemes for Verifiable Delegated Quantum Computation, with Quasilinear Resources},
    Author      =   {Coladangelo, Andrea and Grilo, Alex B and Jeffery, Stacey and Vidick, Thomas},
    Year        =   {2019},
    Booktitle   =   eurocrypt19,
    Volume      =   {III},
    Pages       =   {247--277},
    DOI         =   {10.1007/978-3-030-17659-4\_9},
}

@Inproceedings{BSCR+19,
    Title       =   {Aurora: Transparent succinct arguments for {R1CS}},
    Author      =   {Ben-Sasson, Eli and Chiesa, Alessandro and Riabzev, Michael and Spooner, Nicholas and Virza, Madars and Ward, Nicholas P},
    Year        =   {2019},
    Booktitle   =   eurocrypt19,
    Volume      =   {I},
    Pages       =   {103--128},
    DOI         =   {10.1007/978-3-030-17653-2\_4},
}

@Article{PHGR16,
    Title       =   {Pinocchio: nearly practical verifiable computation},
    Author      =   {Parno, Bryan and Howell, Jon and Gentry, Craig and Raykova, Mariana},
    Year        =   {2016},
    Journal     =   cacm,
    Volume      =   {59},
    Number      =   {2},
    Pages       =   {103--112},
    DOI         =   {10.1145/2856449},
}

@Inproceedings{GMW87,
    Title       =   {How to play any mental game},
    Author      =   {Goldreich, Oded and Micali, Silvio and Wigderson, Avi},
    Year        =   {1987},
    Booktitle   =   stoc87,
    Pages       =   {218--229},
    DOI         =   {10.1145/28395.28420},
}

@Article{EK09,
    Title       =   {Restrictions on transversal encoded quantum gate sets},
    Author      =   {Eastin, Bryan and Knill, Emanuel},
    Year        =   {2009},
    Journal     =   phyrevl,
    Volume      =   {102},
    Number      =   {11},
    Pages       =   {110502},
    DOI         =   {10.1103/PhysRevLett.102.110502},
}

@Inproceedings{SMBW12,
    Title       =   {Making argument systems for outsourced computation practical (sometimes).},
    Author      =   {Setty, Srinath and McPherson, Richard and Blumberg, Andrew J and Walfish, Michael},
    Year        =   {2012},
    Booktitle   =   ndss2012,
}
% 20191029-slord: https://www.ndss-symposium.org/wp-content/uploads/2017/09/04_3.pdf
% 20191029-slord: No DOI found for this entry.

@Inproceedings{SVP+12,
    Author     =    {Setty, Srinath and Vu, Victor and Panpalia, Nikhil and Braun, Benjamin and Blumberg, Andrew J and Walfish, Michael},
    Title      =    {Taking Proof-Based Verified Computation a Few Steps Closer to Practicality},
    Booktitle  =    usenixsecurity2012,
    Year       =    {2012},
    Pages      =    {253--268},
}
% 20191029-slord: https://www.usenix.org/conference/usenixsecurity12/technical-sessions/presentation/setty
% 20191030-slord: No DOI found for this entry.

@Inproceedings{Vad07,
    Title       =   {The complexity of zero knowledge},
    Author      =   {Vadhan, Salil},
    Year        =   {2007},
    Booktitle   =   fsttcs2007,
    Pages       =   {52--70},
    DOI         =   {10.1007/978-3-540-77050-3\_5},
}

@Inproceedings{OV07,
    Title       =   {Zero knowledge and soundness are symmetric},
    Author      =   {Ong, Shien Jin and Vadhan, Salil},
    Year        =   {2007},
    Booktitle   =   eurocrypt07,
    Pages       =   {187--209},
    DOI         =   {10.1007/978-3-540-72540-4\_11},
}

@Article{NPA08,
    Title       =   {A convergent hierarchy of semidefinite programs characterizing the set of quantum correlations},
    Author      =   {Navascu{\'e}s, Miguel and Pironio, Stefano and Ac{\'\i}n, Antonio},
    Year        =   {2008},
    Journal     =   njp,
    Volume      =   {10},
    Number      =   {7},
    Pages       =   {073013},
    DOI         =   {10.1088/1367-2630/10/7/073013},
}

@Inproceedings{KMO89,
    Title       =   {Minimum resource zero knowledge proofs},
    Author      =   {Kilian, Joe and Micali, Silvio and Ostrovsky, Rafail},
    Year        =   {1989},
    Booktitle   =   focs89,
    Pages       =   {474--479},
    DOI         =   {10.1109/SFCS.1989.63521},
}

@Article{JMRW16,
    Title       =   {Extended non-local games and monogamy-of-entanglement games},
    Author      =   {Johston, Nathaniel and Mittal, Rajat and Russo, Vincent and Watrous, John},
    Year        =   {2016},
    Journal     =   prsla,
    Volume      =   {472},
    Number      =   {2189},
    Pages       =   {20160003},
    DOI         =   {10.1098/rspa.2016.0003},
}

@Article{GR14,
    Title       =   {On Best-Possible Obfuscation},
    Author      =   {Goldwasser, Shafi and Rothblum, Guy N.},
    Year        =   {2014},
    Journal     =   jcryp,
    Volume      =   {27},
    Number      =   {3},
    Pages       =   {480--505},
    DOI         =   {10.1007/s00145-013-9151-z},
}

@Inproceedings{AJL+19,
    Title       =   {Indistinguishability Obfuscation Without Multilinear Maps: New Paradigms via Low Degree Weak Pseudorandomness and Security Amplification.},
    Author      =   {Ananth, Prabhanjan and Jain, Aayush and Lin, Huijia and Matt, Christian and Sahai, Amit},
    Year        =   {2019},
    Booktitle   =   crypto2019,
    Volume      =   {3},
    Pages       =   {284--332},
    DOI         =   {10.1007/978-3-030-26954-8\_10},
}

@Inproceedings{CLT13,
    Title       =   {Practical Multilinear Maps over the Integers},
    Author      =   {Coron, Jean-Sébastien and Lepoint, Tancr{\`e}de and Tibouchi, Mehdi},
    Year        =   {2013},
    Booktitle   =   crypto2013,
    Volume      =   {1},
    Pages       =   {476--493},
    DOI         =   {10.1007/978-3-642-40041-4\_26},
}

@Inproceedings{GGH13,
    Title       =   {Candidate Multilinear Maps from Ideal Lattices},
    Author      =   {Garg, Sanjam and Gentry, Craig and Halevi, Shai},
    Year        =   {2013},
    Booktitle   =   eurocrypt13,
    Pages       =   {1--17},
    DOI         =   {10.1007/978-3-642-38348-9\_1},
}

@Inproceedings{LSS14,
    Title       =   {{GGHLite}: More Efficient Multilinear Maps from Ideal Lattices},
    Author      =   {Langlois, Adeline and Stehl{\'e}, Damien and Steinfeld, Ron},
    Year        =   {2014},
    Booktitle   =   eurocrypt14,
    Pages       =   {239--256},
    DOI         =   {10.1007/978-3-642-55220-5\_14},
}

@Inproceedings{GGH15,
    Title       =   {Graph-Induced Multilinear Maps from Lattices},
    Author      =   {Gentry, Craig and Gorbunov, Sergey and Halevi, Shai},
    Year        =   {2015},
    Booktitle   =   tcc2015,
    Volume      =   {2},
    Pages       =   {498--527},
    DOI         =   {10.1007/978-3-662-46497-7\_20},
}

@Inproceedings{ABD16,
    Title       =   {A Subfield Lattice Attack on Overstretched {NTRU} Assumptions},
    Author      =   {Albrecht, Martin and Bai, Shi and Ducas, L{\'e}o},
    Year        =   {2016},
    Booktitle   =   crypto2016,
    Volume      =   {1},
    Pages       =   {153--178},
    DOI         =   {10.1007/978-3-662-53018-4\_6},
}

@Inproceedings{CDPR16,
    Title       =   {Recovering Short Generators of Principal Ideals in Cyclotomic Rings},
    Author      =   {Cramer, Ronald and Ducas, L{\'e}o and Peikert, Chris and Regev, Oded},
    Year        =   {2016},
    Booktitle   =   eurocrypt16,
    Volume      =   {2},
    Pages       =   {559--585},
    DOI         =   {10.1007/978-3-662-49896-5\_20},
}

@Inproceedings{CGH17,
    Title       =   {Cryptanalyses of Candidate Branching Program Obfuscators},
    Author      =   {Chen, Yilei and Gentry, Craig and Halevi, Shai},
    Year        =   {2017},
    Booktitle   =   eurocrypt17,
    Volume      =   {3},
    Pages       =   {278--307},
    DOI         =   {10.1007/978-3-319-56617-7\_10},
}

@Inproceedings{Zha19,
    Title       =   {Quantum Lightning Never Strikes the Same State Twice},
    Author      =   {Zhandry, Mark},
    Year        =   {2019},
    Booktitle   =   eurocrypt19,
    Volume      =   {3},
    Pages       =   {408--438},
    DOI         =   {10.1007/978-3-030-17659-4\_14},
}

@Inproceedings{AJJ14,
    Title       =   {Circuit Obfuscation Using Braids},
    Author      =   {Alagic, Gorjan and Jeffery, Stacey and Jordan, Stephen P.},
    Year        =   {2014},
    Booktitle   =   tqc2014,
    Pages       =   {141--160},
    DOI         =   {10.4230/LIPIcs.TQC.2014.141},
}

@Misc{Sel13arxiv,
    Title       =   {Generators and relations for n-qubit {C}lifford operators},
    Author      =   {Selinger, Peter},
    Year        =   {2013},
    Note        =   {Available at \url{https://arxiv.org/abs/1310.6813}.},
}

@Article{AMMR13,
    Title       =   {A meet-in-the-middle algorithm for fast synthesis of depth-optimal quantum circuits},
    Author      =   {Amy, Matthew and Maslov, Dmitri and Mosca, Michele and Roetteler, Martin},
    Year        =   {2013},
    Journal     =   ieeetcadics,
    Volume      =   {32},
    Number      =   {6},
    Pages       =   {818--830},
    DOI         =   {10.1109/TCAD.2013.2244643},
}
 
@Article{DMM16,
    Title       =   {Parallelizing quantum circuit synthesis},
    Author      =   {Di Matteo, Olivia and Mosca, Michele},
    Year        =   {2016},
    Journal     =   qst,
    Volume      =   {1},
    Number      =   {1},
    Pages       =   {015003},
    DOI         =   {10.1088/2058-9565/1/1/015003},
}

@Article{AMM14,
    Title       =   {Polynomial-time {T}-depth optimization of {C}lifford+{T} circuits via matroid partitioning},
    Author      =   {Amy, Matthew and Maslov, Dmitri and Mosca, Michele},
    Year        =   {2014},
    Journal     =   ieeetcadics,
    Volume      =   {33},
    Number      =   {10},
    Pages       =   {1476--1489},
    DOI         =   {10.1109/TCAD.2014.2341953},
}
